Trading order;Time;Price;+/-;Volumn;Order;Date
4722;14:45:10;1.225;7;6,684;B;07/07/2022
4721;14:30:05;1.223,80;5,8;0,06;S;07/07/2022
4720;14:30:01;1.223,20;5,2;0,163;B;07/07/2022
4719;14:29:57;1.223,80;5,8;0,133;S;07/07/2022
4718;14:29:52;1.223,20;5,2;0,129;B;07/07/2022
4717;14:29:48;1.223,40;5,4;0,098;S;07/07/2022
4716;14:29:44;1.222,90;4,9;0,287;B;07/07/2022
4715;14:29:40;1.222,60;4,6;0,182;B;07/07/2022
4714;14:29:36;1.222,90;4,9;0,222;B;07/07/2022
4713;14:29:32;1.222,60;4,6;0,146;S;07/07/2022
4712;14:29:28;1.222,80;4,8;0,154;S;07/07/2022
4711;14:29:24;1.222,50;4,5;0,224;B;07/07/2022
4710;14:29:18;1.222,50;4,5;0,145;B;07/07/2022
4709;14:29:14;1.222,90;4,9;0,139;S;07/07/2022
4708;14:29:10;1.222,90;4,9;0,117;S;07/07/2022
4707;14:29:06;1.222,50;4,5;0,282;B;07/07/2022
4706;14:29:01;1.222,90;4,9;0,273;B;07/07/2022
4705;14:28:58;1.223;5;0,095;B;07/07/2022
4704;14:28:54;1.223;5;0,096;B;07/07/2022
4703;14:28:48;1.223,10;5,1;0,043;B;07/07/2022
4702;14:28:44;1.223,10;5,1;0,249;B;07/07/2022
4701;14:28:37;1.223,40;5,4;0,028;B;07/07/2022
4700;14:28:33;1.223,50;5,5;0,073;B;07/07/2022
4699;14:28:28;1.223,40;5,4;0,244;B;07/07/2022
4698;14:28:24;1.223,60;5,6;0,135;S;07/07/2022
4697;14:28:20;1.223,50;5,5;0,06;B;07/07/2022
4696;14:28:15;1.223,60;5,6;0,191;B;07/07/2022
4695;14:28:11;1.223,60;5,6;0,033;B;07/07/2022
4694;14:28:07;1.223,50;5,5;0,058;B;07/07/2022
4693;14:28:03;1.223,70;5,7;0,21;B;07/07/2022
4692;14:27:58;1.223,50;5,5;0,052;B;07/07/2022
4691;14:27:54;1.223,70;5,7;0,146;S;07/07/2022
4690;14:27:50;1.223,60;5,6;0,079;S;07/07/2022
4689;14:27:46;1.223,50;5,5;0,078;B;07/07/2022
4688;14:27:42;1.223,60;5,6;0,057;B;07/07/2022
4687;14:27:37;1.223,50;5,5;0,172;S;07/07/2022
4686;14:27:33;1.223,40;5,4;0,106;S;07/07/2022
4685;14:27:28;1.223,50;5,5;0,227;S;07/07/2022
4684;14:27:24;1.223;5;0,139;B;07/07/2022
4683;14:27:20;1.223;5;0,129;S;07/07/2022
4682;14:27:16;1.222,80;4,8;0,108;B;07/07/2022
4681;14:27:12;1.222,80;4,8;0,171;B;07/07/2022
4680;14:27:07;1.223,10;5,1;0,051;S;07/07/2022
4679;14:27:03;1.222,80;4,8;0,047;B;07/07/2022
4678;14:26:59;1.222,60;4,6;0,402;B;07/07/2022
4677;14:26:51;1.222,80;4,8;0,288;B;07/07/2022
4676;14:26:47;1.223,50;5,5;0,172;B;07/07/2022
4675;14:26:39;1.223,80;5,8;0,184;S;07/07/2022
4674;14:26:34;1.223,20;5,2;0,205;B;07/07/2022
4673;14:26:30;1.223,50;5,5;0,111;B;07/07/2022
4672;14:26:26;1.223,50;5,5;0,03;B;07/07/2022
4671;14:26:22;1.223,20;5,2;0,487;B;07/07/2022
4670;14:26:18;1.223,60;5,6;0,06;B;07/07/2022
4669;14:26:10;1.223,50;5,5;0,082;B;07/07/2022
4668;14:26:05;1.223,90;5,9;0,137;B;07/07/2022
4667;14:26:00;1.224,50;6,5;0,097;S;07/07/2022
4666;14:25:56;1.224;6;0,147;B;07/07/2022
4665;14:25:52;1.224,50;6,5;0,239;S;07/07/2022
4664;14:25:48;1.224,40;6,4;0,082;B;07/07/2022
4663;14:25:44;1.224,50;6,5;0,009;B;07/07/2022
4662;14:25:40;1.224,70;6,7;0,106;B;07/07/2022
4661;14:25:36;1.224,90;6,9;0,172;S;07/07/2022
4660;14:25:33;1.224,40;6,4;0,267;B;07/07/2022
4659;14:25:24;1.224,40;6,4;0,132;S;07/07/2022
4658;14:25:19;1.224;6;0,119;B;07/07/2022
4657;14:25:15;1.225;7;0,551;S;07/07/2022
4656;14:25:11;1.224,10;6,1;0,078;S;07/07/2022
4655;14:25:07;1.224,10;6,1;0,496;S;07/07/2022
4654;14:25:03;1.224,10;6,1;0,08;B;07/07/2022
4653;14:25:00;1.224,10;6,1;0,166;S;07/07/2022
4652;14:24:56;1.224,20;6,2;0,288;B;07/07/2022
4651;14:24:52;1.225;7;0,296;B;07/07/2022
4650;14:24:43;1.225;7;0,266;B;07/07/2022
4649;14:24:39;1.225,10;7,1;0,224;B;07/07/2022
4648;14:24:36;1.225,30;7,3;0,172;S;07/07/2022
4647;14:24:32;1.225,50;7,5;0,105;S;07/07/2022
4646;14:24:28;1.225,60;7,6;0,156;B;07/07/2022
4645;14:24:24;1.225,70;7,7;0,105;S;07/07/2022
4644;14:24:20;1.225,70;7,7;0,328;B;07/07/2022
4643;14:24:16;1.225,90;7,9;0,334;S;07/07/2022
4642;14:24:11;1.225,60;7,6;0,2;B;07/07/2022
4641;14:24:08;1.225,70;7,7;0,09;S;07/07/2022
4640;14:24:04;1.225,60;7,6;0,251;S;07/07/2022
4639;14:24:00;1.225,30;7,3;0,147;S;07/07/2022
4638;14:23:56;1.225,30;7,3;0,158;S;07/07/2022
4637;14:23:52;1.225;7;0,185;S;07/07/2022
4636;14:23:48;1.225;7;0,143;S;07/07/2022
4635;14:23:44;1.224,50;6,5;0,205;S;07/07/2022
4634;14:23:39;1.224,50;6,5;0,194;B;07/07/2022
4633;14:23:34;1.224,50;6,5;0,057;B;07/07/2022
4632;14:23:29;1.224,30;6,3;0,163;B;07/07/2022
4631;14:23:26;1.224,50;6,5;0,152;B;07/07/2022
4630;14:23:22;1.223,60;5,6;0,076;S;07/07/2022
4629;14:23:18;1.223,60;5,6;0,237;B;07/07/2022
4628;14:23:14;1.223,30;5,3;0,213;B;07/07/2022
4627;14:23:10;1.223,60;5,6;0,093;B;07/07/2022
4626;14:23:06;1.223,20;5,2;0,317;B;07/07/2022
4625;14:23:02;1.223,60;5,6;0,134;B;07/07/2022
4624;14:22:57;1.224,40;6,4;0,215;S;07/07/2022
4623;14:22:53;1.224,40;6,4;0,162;B;07/07/2022
4622;14:22:49;1.224,40;6,4;0,348;B;07/07/2022
4621;14:22:42;1.224,40;6,4;0,368;B;07/07/2022
4620;14:22:34;1.224,80;6,8;0,484;B;07/07/2022
4619;14:22:29;1.225,50;7,5;0,155;S;07/07/2022
4618;14:22:21;1.224,90;6,9;0,082;B;07/07/2022
4617;14:22:17;1.225,60;7,6;1,089;S;07/07/2022
4616;14:22:14;1.225,30;7,3;0,375;B;07/07/2022
4615;14:22:10;1.225,60;7,6;0,164;S;07/07/2022
4614;14:22:05;1.225;7;0,575;B;07/07/2022
4613;14:22:01;1.225,60;7,6;0,257;S;07/07/2022
4612;14:21:57;1.224,40;6,4;0,463;B;07/07/2022
4611;14:21:53;1.224,60;6,6;0,413;B;07/07/2022
4610;14:21:48;1.224,50;6,5;0,252;B;07/07/2022
4609;14:21:45;1.224,40;6,4;0,645;B;07/07/2022
4608;14:21:41;1.224,40;6,4;0,472;B;07/07/2022
4607;14:21:37;1.224,50;6,5;0,316;S;07/07/2022
4606;14:21:33;1.224,10;6,1;0,39;S;07/07/2022
4605;14:21:29;1.223,60;5,6;0,217;B;07/07/2022
4604;14:21:25;1.223,30;5,3;0,208;B;07/07/2022
4603;14:21:20;1.223,40;5,4;0,114;S;07/07/2022
4602;14:21:17;1.222,90;4,9;0,138;B;07/07/2022
4601;14:21:13;1.222,80;4,8;0,063;B;07/07/2022
4600;14:21:09;1.222,70;4,7;0,356;B;07/07/2022
4599;14:21:06;1.222,80;4,8;0,082;S;07/07/2022
4598;14:21:02;1.222,70;4,7;0,269;S;07/07/2022
4597;14:20:54;1.222,90;4,9;0,206;S;07/07/2022
4596;14:20:51;1.222,10;4,1;0,362;S;07/07/2022
4595;14:20:42;1.222,30;4,3;0,282;S;07/07/2022
4594;14:20:35;1.222;4;0,107;S;07/07/2022
4593;14:20:31;1.221,70;3,7;0,003;S;07/07/2022
4592;14:20:27;1.221,70;3,7;0,367;S;07/07/2022
4591;14:20:23;1.221;3;0,162;S;07/07/2022
4590;14:20:15;1.220,70;2,7;0,072;B;07/07/2022
4589;14:20:10;1.220,70;2,7;0,039;B;07/07/2022
4588;14:20:06;1.221;3;0,115;S;07/07/2022
4587;14:20:02;1.220,70;2,7;0,23;B;07/07/2022
4586;14:19:58;1.220,90;2,9;0,024;S;07/07/2022
4585;14:19:53;1.221;3;0,042;B;07/07/2022
4584;14:19:50;1.221;3;0,068;B;07/07/2022
4583;14:19:46;1.221,20;3,2;0,168;S;07/07/2022
4582;14:19:42;1.221;3;0,074;B;07/07/2022
4581;14:19:39;1.221,20;3,2;0,05;S;07/07/2022
4580;14:19:34;1.221;3;0,324;B;07/07/2022
4579;14:19:30;1.221,20;3,2;0,172;B;07/07/2022
4578;14:19:26;1.221;3;0,06;B;07/07/2022
4577;14:19:23;1.222;4;0,02;S;07/07/2022
4576;14:19:19;1.221,30;3,3;0,062;B;07/07/2022
4575;14:19:15;1.221,90;3,9;0,363;B;07/07/2022
4574;14:19:07;1.222;4;0,127;B;07/07/2022
4573;14:19:04;1.222,20;4,2;0,347;B;07/07/2022
4572;14:18:58;1.222,10;4,1;0,647;B;07/07/2022
4571;14:18:51;1.222,50;4,5;0,101;B;07/07/2022
4570;14:18:43;1.222,50;4,5;0,215;B;07/07/2022
4569;14:18:39;1.222,90;4,9;0,521;B;07/07/2022
4568;14:18:36;1.223;5;0,733;B;07/07/2022
4567;14:18:24;1.223;5;0,448;B;07/07/2022
4566;14:18:17;1.223;5;0,067;B;07/07/2022
4565;14:18:13;1.223;5;0,159;B;07/07/2022
4564;14:18:10;1.223,10;5,1;0,443;B;07/07/2022
4563;14:18:06;1.223,30;5,3;0,076;S;07/07/2022
4562;14:18:02;1.223,10;5,1;0,465;S;07/07/2022
4561;14:17:59;1.222,60;4,6;0,195;S;07/07/2022
4560;14:17:55;1.222,80;4,8;0,341;S;07/07/2022
4559;14:17:52;1.222,30;4,3;0,178;B;07/07/2022
4558;14:17:47;1.222,30;4,3;0,127;S;07/07/2022
4557;14:17:43;1.222,30;4,3;0,17;B;07/07/2022
4556;14:17:40;1.221,90;3,9;0,099;B;07/07/2022
4555;14:17:36;1.222;4;0,375;S;07/07/2022
4554;14:17:32;1.221,50;3,5;0,508;B;07/07/2022
4553;14:17:28;1.221,50;3,5;0,272;S;07/07/2022
4552;14:17:24;1.221,30;3,3;0,588;B;07/07/2022
4551;14:17:20;1.221,30;3,3;0,104;S;07/07/2022
4550;14:17:15;1.221,30;3,3;0,151;S;07/07/2022
4549;14:17:12;1.221;3;0,24;S;07/07/2022
4548;14:17:08;1.220,50;2,5;0,122;B;07/07/2022
4547;14:17:04;1.220,50;2,5;0,153;S;07/07/2022
4546;14:17:01;1.220,20;2,2;0,065;B;07/07/2022
4545;14:16:57;1.220,20;2,2;0,178;B;07/07/2022
4544;14:16:53;1.220;2;0,29;B;07/07/2022
4543;14:16:50;1.220,20;2,2;0,205;B;07/07/2022
4542;14:16:46;1.220,80;2,8;0,404;S;07/07/2022
4541;14:16:42;1.220,70;2,7;0,178;B;07/07/2022
4540;14:16:38;1.221,30;3,3;0,18;S;07/07/2022
4539;14:16:33;1.220,80;2,8;0,41;B;07/07/2022
4538;14:16:30;1.219,50;1,5;0,507;B;07/07/2022
4537;14:16:27;1.220,40;2,4;0,472;S;07/07/2022
4536;14:16:22;1.219,60;1,6;0,572;S;07/07/2022
4535;14:16:18;1.218;0;0,214;B;07/07/2022
4534;14:16:15;1.218;0;0,167;S;07/07/2022
4533;14:16:11;1.217,50;-0,5;0,099;S;07/07/2022
4532;14:16:06;1.217;-1;0,09;B;07/07/2022
4531;14:16:02;1.217,40;-0,6;0,105;S;07/07/2022
4530;14:15:58;1.217;-1;0,08;B;07/07/2022
4529;14:15:55;1.216,90;-1,1;0,062;B;07/07/2022
4528;14:15:51;1.217;-1;0,073;B;07/07/2022
4527;14:15:48;1.216,60;-1,4;0,221;B;07/07/2022
4526;14:15:44;1.217;-1;0,034;B;07/07/2022
4525;14:15:41;1.217;-1;0,069;B;07/07/2022
4524;14:15:37;1.217,30;-0,7;0,185;B;07/07/2022
4523;14:15:32;1.217,30;-0,7;0,159;B;07/07/2022
4522;14:15:29;1.217,30;-0,7;0,186;B;07/07/2022
4521;14:15:25;1.217,30;-0,7;0,05;S;07/07/2022
4520;14:15:22;1.217,30;-0,7;0,066;B;07/07/2022
4519;14:15:18;1.217,30;-0,7;0,06;S;07/07/2022
4518;14:15:15;1.217,30;-0,7;0,074;S;07/07/2022
4517;14:15:11;1.217,30;-0,7;0,141;B;07/07/2022
4516;14:15:07;1.217,80;-0,2;0,192;S;07/07/2022
4515;14:15:04;1.217,80;-0,2;0,174;S;07/07/2022
4514;14:14:59;1.216,40;-1,6;0,04;B;07/07/2022
4513;14:14:56;1.217,80;-0,2;0,128;S;07/07/2022
4512;14:14:52;1.216;-2;0,118;B;07/07/2022
4511;14:14:48;1.216;-2;0,154;B;07/07/2022
4510;14:14:41;1.216;-2;0,095;S;07/07/2022
4509;14:14:37;1.216;-2;0,058;S;07/07/2022
4508;14:14:33;1.216;-2;0,198;S;07/07/2022
4507;14:14:28;1.216;-2;0,209;S;07/07/2022
4506;14:14:20;1.216;-2;0,055;S;07/07/2022
4505;14:14:17;1.215,30;-2,7;0,666;B;07/07/2022
4504;14:14:10;1.215,30;-2,7;0,194;S;07/07/2022
4503;14:14:06;1.214,90;-3,1;0,262;B;07/07/2022
4502;14:14:03;1.215;-3;0,333;S;07/07/2022
4501;14:13:59;1.215;-3;0,675;B;07/07/2022
4500;14:13:55;1.215;-3;0,097;B;07/07/2022
4499;14:13:52;1.215;-3;1,04;B;07/07/2022
4498;14:13:47;1.216,20;-1,8;0,279;B;07/07/2022
4497;14:13:44;1.216;-2;0,687;B;07/07/2022
4496;14:13:40;1.216,60;-1,4;0,331;B;07/07/2022
4495;14:13:37;1.216,60;-1,4;0,107;B;07/07/2022
4494;14:13:33;1.216,80;-1,2;0,138;B;07/07/2022
4493;14:13:30;1.217;-1;0,16;S;07/07/2022
4492;14:13:26;1.217,20;-0,8;0,151;S;07/07/2022
4491;14:13:23;1.217,20;-0,8;0,103;S;07/07/2022
4490;14:13:19;1.217,10;-0,9;0,042;B;07/07/2022
4489;14:13:16;1.217,40;-0,6;0,611;S;07/07/2022
4488;14:13:07;1.217,70;-0,3;0,035;B;07/07/2022
4487;14:13:04;1.217,70;-0,3;0,137;B;07/07/2022
4486;14:13:00;1.217,80;-0,2;0,072;B;07/07/2022
4485;14:12:53;1.218;0;0,025;S;07/07/2022
4484;14:12:49;1.218;0;0,124;B;07/07/2022
4483;14:12:46;1.218,20;0,2;0,153;S;07/07/2022
4482;14:12:37;1.218,10;0,1;0,03;B;07/07/2022
4481;14:12:34;1.218,10;0,1;0,052;B;07/07/2022
4480;14:12:30;1.218;0;0,135;B;07/07/2022
4479;14:12:23;1.218,40;0,4;0,006;S;07/07/2022
4478;14:12:20;1.218,40;0,4;0,074;S;07/07/2022
4477;14:12:16;1.218,60;0,6;0,061;S;07/07/2022
4476;14:12:13;1.218,50;0,5;0,024;B;07/07/2022
4475;14:12:10;1.218,60;0,6;0,066;B;07/07/2022
4474;14:12:06;1.218,60;0,6;0,022;B;07/07/2022
4473;14:12:03;1.218,60;0,6;0,027;B;07/07/2022
4472;14:11:58;1.218,70;0,7;0,111;S;07/07/2022
4471;14:11:55;1.218;0;0,154;S;07/07/2022
4470;14:11:51;1.218,90;0,9;0,013;S;07/07/2022
4469;14:11:48;1.218,20;0,2;0,089;B;07/07/2022
4468;14:11:44;1.218,20;0,2;0,082;B;07/07/2022
4467;14:11:40;1.218,20;0,2;0,269;B;07/07/2022
4466;14:11:33;1.218,20;0,2;0,17;S;07/07/2022
4465;14:11:30;1.217,90;-0,1;0,188;B;07/07/2022
4464;14:11:25;1.217,50;-0,5;0,065;S;07/07/2022
4463;14:11:22;1.217,20;-0,8;0,026;B;07/07/2022
4462;14:11:19;1.217,20;-0,8;0,166;S;07/07/2022
4461;14:11:15;1.217,20;-0,8;0,176;S;07/07/2022
4460;14:11:11;1.217,20;-0,8;0,186;S;07/07/2022
4459;14:11:08;1.217,30;-0,7;0,094;S;07/07/2022
4458;14:11:04;1.217,10;-0,9;0,085;B;07/07/2022
4457;14:11:01;1.217,20;-0,8;0,143;B;07/07/2022
4456;14:10:57;1.217;-1;0,075;B;07/07/2022
4455;14:10:54;1.217,30;-0,7;0,144;B;07/07/2022
4454;14:10:49;1.217,20;-0,8;0,179;B;07/07/2022
4453;14:10:46;1.217,50;-0,5;0,168;S;07/07/2022
4452;14:10:42;1.217,10;-0,9;0,289;B;07/07/2022
4451;14:10:39;1.217,60;-0,4;0,207;S;07/07/2022
4450;14:10:35;1.217,50;-0,5;0,24;S;07/07/2022
4449;14:10:32;1.217,60;-0,4;0,128;B;07/07/2022
4448;14:10:28;1.217,50;-0,5;0,197;S;07/07/2022
4447;14:10:25;1.217,70;-0,3;0,213;S;07/07/2022
4446;14:10:21;1.217,10;-0,9;0,612;B;07/07/2022
4445;14:10:17;1.218;0;0,196;S;07/07/2022
4444;14:10:13;1.217,50;-0,5;0,5;B;07/07/2022
4443;14:10:10;1.218,30;0,3;0,058;S;07/07/2022
4442;14:10:06;1.218;0;0,497;B;07/07/2022
4441;14:10:02;1.218,80;0,8;0,038;B;07/07/2022
4440;14:09:59;1.218,90;0,9;0,154;B;07/07/2022
4439;14:09:55;1.219,20;1,2;0,144;B;07/07/2022
4438;14:09:51;1.219,20;1,2;0,136;B;07/07/2022
4437;14:09:48;1.219,40;1,4;0,108;S;07/07/2022
4436;14:09:44;1.219,50;1,5;0,07;S;07/07/2022
4435;14:09:40;1.219,20;1,2;0,13;B;07/07/2022
4434;14:09:36;1.219,60;1,6;0,284;S;07/07/2022
4433;14:09:33;1.219,50;1,5;0,148;B;07/07/2022
4432;14:09:29;1.219,60;1,6;0,107;S;07/07/2022
4431;14:09:26;1.219,60;1,6;0,058;B;07/07/2022
4430;14:09:22;1.219,60;1,6;0,189;B;07/07/2022
4429;14:09:19;1.219,60;1,6;0,139;B;07/07/2022
4428;14:09:15;1.219,70;1,7;0,171;B;07/07/2022
4427;14:09:12;1.219,70;1,7;0,161;B;07/07/2022
4426;14:09:08;1.219,70;1,7;0,057;B;07/07/2022
4425;14:09:04;1.219,80;1,8;0,036;B;07/07/2022
4424;14:09:01;1.219,90;1,9;0,159;B;07/07/2022
4423;14:08:57;1.220;2;0,088;B;07/07/2022
4422;14:08:54;1.220,10;2,1;0,044;B;07/07/2022
4421;14:08:50;1.220,40;2,4;0,058;B;07/07/2022
4420;14:08:47;1.220,90;2,9;0,036;B;07/07/2022
4419;14:08:43;1.220,90;2,9;0,104;S;07/07/2022
4418;14:08:39;1.220,90;2,9;0,044;S;07/07/2022
4417;14:08:36;1.220,90;2,9;0,051;B;07/07/2022
4416;14:08:28;1.221;3;0,159;S;07/07/2022
4415;14:08:25;1.220,70;2,7;0,02;B;07/07/2022
4414;14:08:21;1.221;3;0,018;S;07/07/2022
4413;14:08:18;1.220,90;2,9;0,015;S;07/07/2022
4412;14:08:15;1.220,90;2,9;0,028;S;07/07/2022
4411;14:08:11;1.220,80;2,8;0,026;S;07/07/2022
4410;14:08:08;1.220,80;2,8;0,037;B;07/07/2022
4409;14:08:04;1.220,80;2,8;0,035;B;07/07/2022
4408;14:08:00;1.220,80;2,8;0,013;B;07/07/2022
4407;14:07:56;1.220,90;2,9;0,018;S;07/07/2022
4406;14:07:53;1.220,80;2,8;0,038;B;07/07/2022
4405;14:07:49;1.221;3;0,062;B;07/07/2022
4404;14:07:45;1.220,70;2,7;0,057;B;07/07/2022
4403;14:07:42;1.221;3;0,109;S;07/07/2022
4402;14:07:38;1.220,70;2,7;0,069;B;07/07/2022
4401;14:07:35;1.220,80;2,8;0,048;S;07/07/2022
4400;14:07:32;1.220,70;2,7;0,124;S;07/07/2022
4399;14:07:28;1.220,70;2,7;0,042;S;07/07/2022
4398;14:07:24;1.220,70;2,7;0,072;S;07/07/2022
4397;14:07:20;1.220,50;2,5;0,022;S;07/07/2022
4396;14:07:16;1.220,50;2,5;0,257;S;07/07/2022
4395;14:07:12;1.220,30;2,3;0,05;S;07/07/2022
4394;14:07:09;1.220,30;2,3;0,033;S;07/07/2022
4393;14:07:05;1.220,10;2,1;0,044;B;07/07/2022
4392;14:07:02;1.220,20;2,2;0,026;S;07/07/2022
4391;14:06:55;1.220,10;2,1;0,063;B;07/07/2022
4390;14:06:50;1.220;2;0,036;B;07/07/2022
4389;14:06:46;1.220,20;2,2;0,176;B;07/07/2022
4388;14:06:42;1.220,10;2,1;0,221;B;07/07/2022
4387;14:06:35;1.220,20;2,2;0,089;B;07/07/2022
4386;14:06:31;1.220,20;2,2;0,009;B;07/07/2022
4385;14:06:28;1.220,30;2,3;0,104;S;07/07/2022
4384;14:06:25;1.220,30;2,3;0,369;B;07/07/2022
4383;14:06:21;1.220,70;2,7;0,226;S;07/07/2022
4382;14:06:17;1.220,40;2,4;0,117;S;07/07/2022
4381;14:06:09;1.219,60;1,6;0,255;B;07/07/2022
4380;14:06:06;1.220;2;0,1;S;07/07/2022
4379;14:06:02;1.219,80;1,8;0,101;B;07/07/2022
4378;14:05:58;1.219,50;1,5;0,188;B;07/07/2022
4377;14:05:54;1.219,60;1,6;0,149;B;07/07/2022
4376;14:05:51;1.219,50;1,5;0,023;B;07/07/2022
4375;14:05:47;1.220;2;0,181;S;07/07/2022
4374;14:05:44;1.220,30;2,3;0,157;S;07/07/2022
4373;14:05:41;1.220;2;0,277;S;07/07/2022
4372;14:05:37;1.220,10;2,1;0,286;S;07/07/2022
4371;14:05:33;1.220,60;2,6;0,102;S;07/07/2022
4370;14:05:30;1.220,30;2,3;0,037;B;07/07/2022
4369;14:05:26;1.220,60;2,6;0,244;S;07/07/2022
4368;14:05:19;1.221;3;0,097;S;07/07/2022
4367;14:05:15;1.221;3;0,175;B;07/07/2022
4366;14:05:11;1.221,20;3,2;0,097;S;07/07/2022
4365;14:05:08;1.221,10;3,1;0,026;S;07/07/2022
4364;14:05:05;1.221,30;3,3;0,067;S;07/07/2022
4363;14:05:01;1.221,30;3,3;0,002;S;07/07/2022
4362;14:04:57;1.221,30;3,3;0,012;S;07/07/2022
4361;14:04:53;1.221,10;3,1;0,026;B;07/07/2022
4360;14:04:50;1.221,20;3,2;0,035;B;07/07/2022
4359;14:04:47;1.221,10;3,1;0,099;B;07/07/2022
4358;14:04:44;1.221,10;3,1;0,02;B;07/07/2022
4357;14:04:40;1.221;3;0,069;B;07/07/2022
4356;14:04:37;1.221,10;3,1;0,076;B;07/07/2022
4355;14:04:33;1.221;3;0,042;B;07/07/2022
4354;14:04:30;1.221;3;0,127;S;07/07/2022
4353;14:04:26;1.221;3;0,035;S;07/07/2022
4352;14:04:21;1.221;3;0,057;S;07/07/2022
4351;14:04:18;1.221;3;0,076;S;07/07/2022
4350;14:04:15;1.220,80;2,8;0,039;B;07/07/2022
4349;14:04:11;1.221;3;0,126;B;07/07/2022
4348;14:04:08;1.220,70;2,7;0,13;B;07/07/2022
4347;14:04:05;1.220,80;2,8;0,045;B;07/07/2022
4346;14:04:01;1.220,80;2,8;0,186;B;07/07/2022
4345;14:03:58;1.220,80;2,8;0,069;S;07/07/2022
4344;14:03:55;1.220,70;2,7;0,097;B;07/07/2022
4343;14:03:51;1.221,30;3,3;0,076;S;07/07/2022
4342;14:03:48;1.221;3;0,151;B;07/07/2022
4341;14:03:44;1.221,40;3,4;0,08;B;07/07/2022
4340;14:03:39;1.221,40;3,4;0,073;S;07/07/2022
4339;14:03:36;1.221,40;3,4;0,026;B;07/07/2022
4338;14:03:32;1.221,60;3,6;0,055;B;07/07/2022
4337;14:03:29;1.221,70;3,7;0,067;S;07/07/2022
4336;14:03:26;1.221,60;3,6;0,012;B;07/07/2022
4335;14:03:23;1.221,50;3,5;0,018;B;07/07/2022
4334;14:03:19;1.221,80;3,8;0,017;S;07/07/2022
4333;14:03:16;1.221,50;3,5;0,119;S;07/07/2022
4332;14:03:13;1.221,30;3,3;0,176;S;07/07/2022
4331;14:03:09;1.221,80;3,8;0,073;B;07/07/2022
4330;14:03:01;1.221,30;3,3;0,137;B;07/07/2022
4329;14:02:58;1.221,80;3,8;0,354;S;07/07/2022
4328;14:02:51;1.221,70;3,7;0,075;S;07/07/2022
4327;14:02:47;1.221,50;3,5;0,065;B;07/07/2022
4326;14:02:44;1.221,70;3,7;0,225;S;07/07/2022
4325;14:02:37;1.221,50;3,5;0,095;B;07/07/2022
4324;14:02:34;1.221,60;3,6;0,137;B;07/07/2022
4323;14:02:29;1.221,40;3,4;0,086;B;07/07/2022
4322;14:02:23;1.221,70;3,7;0,02;S;07/07/2022
4321;14:02:20;1.221,80;3,8;0,1;S;07/07/2022
4320;14:02:16;1.221,70;3,7;0,159;S;07/07/2022
4319;14:02:13;1.221,80;3,8;0,08;B;07/07/2022
4318;14:02:09;1.221,70;3,7;0,085;B;07/07/2022
4317;14:02:05;1.221,80;3,8;0,105;B;07/07/2022
4316;14:02:02;1.222;4;0,076;S;07/07/2022
4315;14:01:59;1.221,80;3,8;0,088;B;07/07/2022
4314;14:01:56;1.222;4;0,137;S;07/07/2022
4313;14:01:52;1.222;4;0,068;B;07/07/2022
4312;14:01:48;1.222;4;0,168;B;07/07/2022
4311;14:01:45;1.222,20;4,2;0,167;B;07/07/2022
4310;14:01:42;1.222,50;4,5;0,234;B;07/07/2022
4309;14:01:35;1.222,50;4,5;0,117;B;07/07/2022
4308;14:01:32;1.222,50;4,5;0,129;B;07/07/2022
4307;14:01:28;1.222,50;4,5;0,079;B;07/07/2022
4306;14:01:24;1.222,70;4,7;0,08;S;07/07/2022
4305;14:01:17;1.222,50;4,5;0,126;B;07/07/2022
4304;14:01:13;1.222,80;4,8;0,018;S;07/07/2022
4303;14:01:10;1.222,80;4,8;0,066;S;07/07/2022
4302;14:01:06;1.222,50;4,5;0,792;B;07/07/2022
4301;14:00:59;1.222,80;4,8;0,421;B;07/07/2022
4300;14:00:53;1.223;5;0,164;B;07/07/2022
4299;14:00:48;1.222,80;4,8;0,199;B;07/07/2022
4298;14:00:45;1.223;5;0,421;B;07/07/2022
4297;14:00:38;1.223;5;0,655;B;07/07/2022
4296;14:00:35;1.222,50;4,5;0,351;B;07/07/2022
4295;14:00:31;1.222,80;4,8;0,263;B;07/07/2022
4294;14:00:28;1.222,80;4,8;0,546;S;07/07/2022
4293;14:00:24;1.222,30;4,3;0,801;S;07/07/2022
4292;14:00:17;1.221,80;3,8;0,187;S;07/07/2022
4291;14:00:13;1.221,70;3,7;0,21;S;07/07/2022
4290;14:00:09;1.221,50;3,5;0,339;S;07/07/2022
4289;14:00:02;1.221,30;3,3;0,157;B;07/07/2022
4288;13:59:59;1.221,50;3,5;0,142;S;07/07/2022
4287;13:59:56;1.221,10;3,1;0,1;B;07/07/2022
4286;13:59:53;1.221,30;3,3;0,141;S;07/07/2022
4285;13:59:50;1.221,10;3,1;0,109;S;07/07/2022
4284;13:59:46;1.220,70;2,7;0,156;S;07/07/2022
4283;13:59:42;1.220,50;2,5;0,201;B;07/07/2022
4282;13:59:39;1.220,60;2,6;0,073;S;07/07/2022
4281;13:59:35;1.220,50;2,5;0,029;B;07/07/2022
4280;13:59:32;1.220,70;2,7;0,096;S;07/07/2022
4279;13:59:28;1.220,60;2,6;0,044;B;07/07/2022
4278;13:59:25;1.220,70;2,7;0,328;S;07/07/2022
4277;13:59:22;1.220,40;2,4;0,085;B;07/07/2022
4276;13:59:19;1.220,70;2,7;0,063;S;07/07/2022
4275;13:59:16;1.220,40;2,4;0,209;B;07/07/2022
4274;13:59:13;1.220,70;2,7;0,091;S;07/07/2022
4273;13:59:06;1.220,60;2,6;0,218;S;07/07/2022
4272;13:59:03;1.220,40;2,4;0,228;S;07/07/2022
4271;13:58:55;1.220,40;2,4;0,018;S;07/07/2022
4270;13:58:52;1.220,40;2,4;0,199;B;07/07/2022
4269;13:58:49;1.220,90;2,9;0,335;S;07/07/2022
4268;13:58:45;1.220,40;2,4;0,217;B;07/07/2022
4267;13:58:42;1.221;3;0,399;S;07/07/2022
4266;13:58:39;1.220;2;0,427;S;07/07/2022
4265;13:58:36;1.219,30;1,3;0,139;B;07/07/2022
4264;13:58:32;1.219,60;1,6;0,149;S;07/07/2022
4263;13:58:29;1.218,80;0,8;0,199;B;07/07/2022
4262;13:58:25;1.218,90;0,9;0,074;S;07/07/2022
4261;13:58:21;1.218,80;0,8;0,147;S;07/07/2022
4260;13:58:18;1.218;0;0,046;S;07/07/2022
4259;13:58:15;1.218;0;0,101;S;07/07/2022
4258;13:58:12;1.217,70;-0,3;0,025;S;07/07/2022
4257;13:58:08;1.217,60;-0,4;0,06;S;07/07/2022
4256;13:58:05;1.217,40;-0,6;0,041;S;07/07/2022
4255;13:58:02;1.217,40;-0,6;0,038;S;07/07/2022
4254;13:57:59;1.217,30;-0,7;0,038;B;07/07/2022
4253;13:57:55;1.217,30;-0,7;0,021;B;07/07/2022
4252;13:57:51;1.217,30;-0,7;0,081;B;07/07/2022
4251;13:57:48;1.217;-1;0,014;B;07/07/2022
4250;13:57:45;1.217,10;-0,9;0,069;B;07/07/2022
4249;13:57:42;1.217,10;-0,9;0,295;S;07/07/2022
4248;13:57:35;1.216,80;-1,2;0,336;S;07/07/2022
4247;13:57:28;1.216,80;-1,2;0,295;B;07/07/2022
4246;13:57:21;1.216,80;-1,2;0,085;B;07/07/2022
4245;13:57:17;1.216,60;-1,4;0,053;B;07/07/2022
4244;13:57:14;1.217;-1;0,092;S;07/07/2022
4243;13:57:11;1.217;-1;0,132;S;07/07/2022
4242;13:57:08;1.217;-1;0,249;B;07/07/2022
4241;13:57:05;1.217,30;-0,7;0,056;B;07/07/2022
4240;13:57:02;1.217,30;-0,7;0,026;B;07/07/2022
4239;13:56:59;1.217,30;-0,7;0,126;B;07/07/2022
4238;13:56:55;1.217,50;-0,5;0,056;B;07/07/2022
4237;13:56:52;1.218;0;0,096;S;07/07/2022
4236;13:56:44;1.217,90;-0,1;0,009;B;07/07/2022
4235;13:56:42;1.218;0;0,049;B;07/07/2022
4234;13:56:38;1.218;0;0,028;B;07/07/2022
4233;13:56:35;1.218;0;0,036;B;07/07/2022
4232;13:56:32;1.218;0;0,008;B;07/07/2022
4231;13:56:28;1.218;0;0,015;B;07/07/2022
4230;13:56:25;1.218;0;0,018;B;07/07/2022
4229;13:56:22;1.218,10;0,1;0,108;B;07/07/2022
4228;13:56:18;1.218;0;0,108;B;07/07/2022
4227;13:56:15;1.218,30;0,3;0,057;B;07/07/2022
4226;13:56:07;1.218,50;0,5;0,032;S;07/07/2022
4225;13:56:04;1.218,30;0,3;0,037;B;07/07/2022
4224;13:56:01;1.218,30;0,3;0,045;B;07/07/2022
4223;13:55:58;1.218,20;0,2;0,014;B;07/07/2022
4222;13:55:54;1.218,40;0,4;0,017;B;07/07/2022
4221;13:55:51;1.218,10;0,1;0,07;B;07/07/2022
4220;13:55:47;1.218,40;0,4;0,028;S;07/07/2022
4219;13:55:44;1.218,20;0,2;0,057;B;07/07/2022
4218;13:55:41;1.218,30;0,3;0,029;S;07/07/2022
4217;13:55:38;1.218,20;0,2;0,021;S;07/07/2022
4216;13:55:34;1.218;0;0,101;S;07/07/2022
4215;13:55:27;1.218;0;0,035;S;07/07/2022
4214;13:55:24;1.217,60;-0,4;0,058;B;07/07/2022
4213;13:55:21;1.217,60;-0,4;0,058;B;07/07/2022
4212;13:55:18;1.218;0;0,055;B;07/07/2022
4211;13:55:14;1.217,60;-0,4;0,053;B;07/07/2022
4210;13:55:08;1.218,10;0,1;0,058;B;07/07/2022
4209;13:55:05;1.218;0;0,043;B;07/07/2022
4208;13:55:02;1.218,30;0,3;0,008;B;07/07/2022
4207;13:54:58;1.218,20;0,2;0,048;B;07/07/2022
4206;13:54:54;1.218,40;0,4;0,06;S;07/07/2022
4205;13:54:50;1.218,50;0,5;0,043;S;07/07/2022
4204;13:54:44;1.218,40;0,4;0,027;S;07/07/2022
4203;13:54:41;1.218,30;0,3;0,005;S;07/07/2022
4202;13:54:38;1.218;0;0,069;B;07/07/2022
4201;13:54:34;1.218;0;0,024;S;07/07/2022
4200;13:54:31;1.218;0;0,032;S;07/07/2022
4199;13:54:28;1.218;0;0,06;S;07/07/2022
4198;13:54:24;1.217,60;-0,4;0,018;S;07/07/2022
4197;13:54:20;1.217,60;-0,4;0,073;S;07/07/2022
4196;13:54:18;1.217,50;-0,5;0,08;B;07/07/2022
4195;13:54:14;1.217,70;-0,3;0,066;S;07/07/2022
4194;13:54:11;1.217,40;-0,6;0,001;B;07/07/2022
4193;13:54:07;1.217,40;-0,6;0,006;B;07/07/2022
4192;13:54:04;1.217,60;-0,4;0,026;S;07/07/2022
4191;13:54:01;1.217,60;-0,4;0,091;B;07/07/2022
4190;13:53:54;1.217,60;-0,4;0,04;B;07/07/2022
4189;13:53:50;1.217,50;-0,5;0,015;B;07/07/2022
4188;13:53:47;1.217,60;-0,4;0,056;S;07/07/2022
4187;13:53:44;1.217,60;-0,4;0,041;B;07/07/2022
4186;13:53:41;1.217,60;-0,4;0,028;B;07/07/2022
4185;13:53:38;1.217,80;-0,2;0,029;B;07/07/2022
4184;13:53:35;1.217,60;-0,4;0,07;B;07/07/2022
4183;13:53:31;1.217,80;-0,2;0,059;S;07/07/2022
4182;13:53:28;1.218,40;0,4;0,096;S;07/07/2022
4181;13:53:25;1.218,40;0,4;0,111;B;07/07/2022
4180;13:53:21;1.218,50;0,5;0,077;B;07/07/2022
4179;13:53:18;1.218,60;0,6;0,025;B;07/07/2022
4178;13:53:15;1.218,70;0,7;0,103;S;07/07/2022
4177;13:53:10;1.218,60;0,6;0,013;S;07/07/2022
4176;13:53:07;1.218,50;0,5;0,073;B;07/07/2022
4175;13:53:04;1.218,60;0,6;0,036;S;07/07/2022
4174;13:53:01;1.218,50;0,5;0,017;S;07/07/2022
4173;13:52:58;1.218,50;0,5;0,012;S;07/07/2022
4172;13:52:55;1.218,50;0,5;0,087;S;07/07/2022
4171;13:52:52;1.218,40;0,4;0,024;B;07/07/2022
4170;13:52:49;1.218,50;0,5;0,082;S;07/07/2022
4169;13:52:43;1.218,40;0,4;0,155;S;07/07/2022
4168;13:52:39;1.218,30;0,3;0,055;B;07/07/2022
4167;13:52:35;1.218,10;0,1;0,015;S;07/07/2022
4166;13:52:32;1.218;0;0,019;S;07/07/2022
4165;13:52:29;1.218,10;0,1;0,13;S;07/07/2022
4164;13:52:26;1.218;0;0,01;S;07/07/2022
4163;13:52:23;1.217,90;-0,1;0,121;S;07/07/2022
4162;13:52:19;1.217,70;-0,3;0,005;S;07/07/2022
4161;13:52:16;1.217,50;-0,5;0,12;B;07/07/2022
4160;13:52:12;1.218;0;0,093;B;07/07/2022
4159;13:52:09;1.217,30;-0,7;0,142;B;07/07/2022
4158;13:52:05;1.217,50;-0,5;0,111;B;07/07/2022
4157;13:52:02;1.217,30;-0,7;0,254;B;07/07/2022
4156;13:51:59;1.218,20;0,2;0,034;B;07/07/2022
4155;13:51:56;1.218;0;0,056;B;07/07/2022
4154;13:51:53;1.218,40;0,4;0,016;S;07/07/2022
4153;13:51:50;1.218,40;0,4;0,063;S;07/07/2022
4152;13:51:47;1.218,50;0,5;0,061;B;07/07/2022
4151;13:51:44;1.218,60;0,6;0,039;B;07/07/2022
4150;13:51:41;1.218,50;0,5;0,105;S;07/07/2022
4149;13:51:38;1.217,70;-0,3;0,147;B;07/07/2022
4148;13:51:35;1.217,90;-0,1;0,065;S;07/07/2022
4147;13:51:31;1.217,60;-0,4;0,012;B;07/07/2022
4146;13:51:29;1.217,60;-0,4;0,036;B;07/07/2022
4145;13:51:25;1.217,60;-0,4;0,038;S;07/07/2022
4144;13:51:22;1.217,30;-0,7;0,033;B;07/07/2022
4143;13:51:19;1.217,60;-0,4;0,087;S;07/07/2022
4142;13:51:15;1.217,40;-0,6;0,312;S;07/07/2022
4141;13:51:09;1.217;-1;0,018;S;07/07/2022
4140;13:51:06;1.217,30;-0,7;0,095;S;07/07/2022
4139;13:51:03;1.217;-1;0,117;S;07/07/2022
4138;13:50:56;1.216,50;-1,5;0,124;B;07/07/2022
4137;13:50:52;1.216,70;-1,3;0,158;S;07/07/2022
4136;13:50:45;1.216,60;-1,4;0,052;B;07/07/2022
4135;13:50:43;1.216,60;-1,4;0,122;S;07/07/2022
4134;13:50:39;1.216,60;-1,4;0,032;B;07/07/2022
4133;13:50:36;1.216,50;-1,5;0,069;B;07/07/2022
4132;13:50:32;1.216,60;-1,4;0,092;B;07/07/2022
4131;13:50:26;1.216,80;-1,2;0,13;B;07/07/2022
4130;13:50:23;1.216,50;-1,5;0,247;B;07/07/2022
4129;13:50:13;1.217;-1;0,008;S;07/07/2022
4128;13:50:10;1.217;-1;0,154;B;07/07/2022
4127;13:50:03;1.217;-1;0,124;B;07/07/2022
4126;13:50:00;1.217,10;-0,9;0,066;B;07/07/2022
4125;13:49:57;1.217,20;-0,8;0,057;S;07/07/2022
4124;13:49:54;1.217,20;-0,8;0,053;S;07/07/2022
4123;13:49:51;1.217,20;-0,8;0,091;B;07/07/2022
4122;13:49:48;1.217,60;-0,4;0,092;S;07/07/2022
4121;13:49:45;1.217,40;-0,6;0,031;B;07/07/2022
4120;13:49:41;1.217,60;-0,4;0,031;B;07/07/2022
4119;13:49:38;1.217,20;-0,8;0,018;B;07/07/2022
4118;13:49:35;1.217,20;-0,8;0,19;B;07/07/2022
4117;13:49:32;1.217,90;-0,1;0,061;S;07/07/2022
4116;13:49:29;1.217;-1;0,226;B;07/07/2022
4115;13:49:26;1.217,90;-0,1;0,381;S;07/07/2022
4114;13:49:20;1.217,40;-0,6;0,059;B;07/07/2022
4113;13:49:13;1.217,20;-0,8;0,103;B;07/07/2022
4112;13:49:09;1.217,40;-0,6;0,095;S;07/07/2022
4111;13:49:03;1.217,20;-0,8;0,085;B;07/07/2022
4110;13:49:00;1.217,40;-0,6;0,066;S;07/07/2022
4109;13:48:57;1.217,50;-0,5;0,262;B;07/07/2022
4108;13:48:50;1.217,50;-0,5;0,153;B;07/07/2022
4107;13:48:43;1.217,70;-0,3;0,332;B;07/07/2022
4106;13:48:36;1.218,20;0,2;0,223;S;07/07/2022
4105;13:48:33;1.218,10;0,1;0,069;B;07/07/2022
4104;13:48:28;1.218,20;0,2;0,059;B;07/07/2022
4103;13:48:24;1.218,20;0,2;0,057;B;07/07/2022
4102;13:48:21;1.218,60;0,6;0,031;B;07/07/2022
4101;13:48:18;1.218,90;0,9;0,054;B;07/07/2022
4100;13:48:15;1.219;1;0,033;B;07/07/2022
4099;13:48:09;1.219,10;1,1;0,004;S;07/07/2022
4098;13:48:05;1.219;1;0,069;B;07/07/2022
4097;13:48:01;1.219,10;1,1;0,005;S;07/07/2022
4096;13:47:58;1.219;1;0,014;B;07/07/2022
4095;13:47:55;1.219;1;0,142;S;07/07/2022
4094;13:47:52;1.219;1;0,018;S;07/07/2022
4093;13:47:48;1.219;1;0,027;S;07/07/2022
4092;13:47:45;1.219;1;0,057;S;07/07/2022
4091;13:47:42;1.218,90;0,9;0,128;S;07/07/2022
4090;13:47:39;1.218,80;0,8;0,022;B;07/07/2022
4089;13:47:37;1.218,80;0,8;0,091;B;07/07/2022
4088;13:47:34;1.218,60;0,6;0,062;B;07/07/2022
4087;13:47:31;1.218,60;0,6;0,172;B;07/07/2022
4086;13:47:27;1.218,80;0,8;0,051;S;07/07/2022
4085;13:47:23;1.218,70;0,7;0,07;B;07/07/2022
4084;13:47:19;1.219,10;1,1;0,074;B;07/07/2022
4083;13:47:16;1.219,10;1,1;0,004;B;07/07/2022
4082;13:47:13;1.219;1;0,129;B;07/07/2022
4081;13:47:10;1.219,30;1,3;0,086;B;07/07/2022
4080;13:47:04;1.219,70;1,7;0,1;B;07/07/2022
4079;13:47:01;1.219,80;1,8;0,084;S;07/07/2022
4078;13:46:55;1.219,80;1,8;0,023;S;07/07/2022
4077;13:46:51;1.219,80;1,8;0,036;B;07/07/2022
4076;13:46:48;1.219,90;1,9;0,047;S;07/07/2022
4075;13:46:45;1.219,80;1,8;0,008;B;07/07/2022
4074;13:46:42;1.219,70;1,7;0,018;B;07/07/2022
4073;13:46:39;1.219,90;1,9;0,085;S;07/07/2022
4072;13:46:36;1.219,80;1,8;0,059;S;07/07/2022
4071;13:46:33;1.219,70;1,7;0,044;B;07/07/2022
4070;13:46:27;1.219,60;1,6;0,028;S;07/07/2022
4069;13:46:24;1.219,70;1,7;0,049;S;07/07/2022
4068;13:46:21;1.219,50;1,5;0,085;S;07/07/2022
4067;13:46:14;1.219,40;1,4;0,031;S;07/07/2022
4066;13:46:11;1.219,40;1,4;0,059;S;07/07/2022
4065;13:46:08;1.219,40;1,4;0,054;S;07/07/2022
4064;13:46:05;1.219,30;1,3;0,034;B;07/07/2022
4063;13:46:02;1.219,30;1,3;0,026;B;07/07/2022
4062;13:45:59;1.219,30;1,3;0,122;S;07/07/2022
4061;13:45:56;1.219,40;1,4;0,059;B;07/07/2022
4060;13:45:53;1.219,30;1,3;0,037;S;07/07/2022
4059;13:45:50;1.219,20;1,2;0,097;B;07/07/2022
4058;13:45:47;1.219,30;1,3;0,097;B;07/07/2022
4057;13:45:42;1.219,50;1,5;0,018;S;07/07/2022
4056;13:45:39;1.219,40;1,4;0,017;B;07/07/2022
4055;13:45:36;1.219,50;1,5;0,039;S;07/07/2022
4054;13:45:33;1.219,50;1,5;0,09;S;07/07/2022
4053;13:45:30;1.219,50;1,5;0,055;S;07/07/2022
4052;13:45:27;1.219,30;1,3;0,149;B;07/07/2022
4051;13:45:24;1.219,80;1,8;0,02;B;07/07/2022
4050;13:45:21;1.219,80;1,8;0,099;B;07/07/2022
4049;13:45:18;1.220,20;2,2;0,084;S;07/07/2022
4048;13:45:15;1.220,20;2,2;0,067;B;07/07/2022
4047;13:45:12;1.220,30;2,3;0,091;B;07/07/2022
4046;13:45:06;1.220,60;2,6;0,034;B;07/07/2022
4045;13:45:03;1.220,90;2,9;0,051;S;07/07/2022
4044;13:45:00;1.220,60;2,6;0,083;B;07/07/2022
4043;13:44:54;1.220,90;2,9;0,08;S;07/07/2022
4042;13:44:51;1.220,50;2,5;0,082;B;07/07/2022
4041;13:44:48;1.220,60;2,6;0,033;B;07/07/2022
4040;13:44:45;1.221;3;0,103;S;07/07/2022
4039;13:44:39;1.220,60;2,6;0,016;B;07/07/2022
4038;13:44:35;1.221;3;0,305;B;07/07/2022
4037;13:44:31;1.221,20;3,2;0,05;B;07/07/2022
4036;13:44:28;1.221,30;3,3;0,011;S;07/07/2022
4035;13:44:25;1.221,30;3,3;0,091;S;07/07/2022
4034;13:44:23;1.221,20;3,2;0,061;B;07/07/2022
4033;13:44:20;1.221,30;3,3;0,157;S;07/07/2022
4032;13:44:17;1.221,30;3,3;0,068;S;07/07/2022
4031;13:44:14;1.221,20;3,2;0,037;B;07/07/2022
4030;13:44:10;1.221,30;3,3;0,102;S;07/07/2022
4029;13:44:04;1.221,50;3,5;0,025;S;07/07/2022
4028;13:44:01;1.221;3;0,149;B;07/07/2022
4027;13:43:57;1.220,90;2,9;0,057;B;07/07/2022
4026;13:43:54;1.220,70;2,7;0,038;S;07/07/2022
4025;13:43:51;1.220,50;2,5;0,047;B;07/07/2022
4024;13:43:48;1.220,50;2,5;0,009;S;07/07/2022
4023;13:43:45;1.220,30;2,3;0,047;B;07/07/2022
4022;13:43:42;1.220,50;2,5;0,025;B;07/07/2022
4021;13:43:39;1.220,50;2,5;0,092;S;07/07/2022
4020;13:43:36;1.220,50;2,5;0,006;S;07/07/2022
4019;13:43:33;1.220,50;2,5;0,033;S;07/07/2022
4018;13:43:31;1.220,80;2,8;0,032;S;07/07/2022
4017;13:43:28;1.220,60;2,6;0,084;S;07/07/2022
4016;13:43:25;1.220,80;2,8;0,041;S;07/07/2022
4015;13:43:20;1.220,60;2,6;0,04;B;07/07/2022
4014;13:43:17;1.220,70;2,7;0,022;B;07/07/2022
4013;13:43:14;1.220,80;2,8;0,053;B;07/07/2022
4012;13:43:08;1.220,80;2,8;0,145;B;07/07/2022
4011;13:43:05;1.221,10;3,1;0,047;S;07/07/2022
4010;13:43:03;1.221;3;0,103;B;07/07/2022
4009;13:42:59;1.221;3;0,229;B;07/07/2022
4008;13:42:53;1.221,10;3,1;0,08;B;07/07/2022
4007;13:42:50;1.221,30;3,3;0,171;B;07/07/2022
4006;13:42:43;1.221,50;3,5;0,089;B;07/07/2022
4005;13:42:38;1.221,30;3,3;0,086;B;07/07/2022
4004;13:42:35;1.221,70;3,7;0,009;S;07/07/2022
4003;13:42:32;1.221,70;3,7;0,062;S;07/07/2022
4002;13:42:29;1.221,70;3,7;0,589;S;07/07/2022
4001;13:42:23;1.221,90;3,9;0,626;S;07/07/2022
4000;13:42:13;1.221;3;0,217;S;07/07/2022
3999;13:42:09;1.220,90;2,9;0,058;S;07/07/2022
3998;13:42:06;1.220,80;2,8;0,058;S;07/07/2022
3997;13:42:03;1.220,40;2,4;0,043;B;07/07/2022
3996;13:42:00;1.220,40;2,4;0,039;B;07/07/2022
3995;13:41:57;1.220,40;2,4;0,051;S;07/07/2022
3994;13:41:54;1.220,30;2,3;0,173;B;07/07/2022
3993;13:41:50;1.220,40;2,4;0,063;S;07/07/2022
3992;13:41:47;1.220,30;2,3;0,054;S;07/07/2022
3991;13:41:44;1.220,10;2,1;0,022;B;07/07/2022
3990;13:41:42;1.220,10;2,1;0,05;B;07/07/2022
3989;13:41:39;1.220,30;2,3;0,06;S;07/07/2022
3988;13:41:35;1.220,10;2,1;0,029;B;07/07/2022
3987;13:41:32;1.220,30;2,3;0,212;S;07/07/2022
3986;13:41:29;1.220;2;0,101;B;07/07/2022
3985;13:41:26;1.220,40;2,4;0,103;S;07/07/2022
3984;13:41:23;1.220,40;2,4;0,096;S;07/07/2022
3983;13:41:20;1.220,30;2,3;0,01;S;07/07/2022
3982;13:41:16;1.220,20;2,2;0,047;S;07/07/2022
3981;13:41:14;1.219,70;1,7;0,064;B;07/07/2022
3980;13:41:10;1.219,60;1,6;0,018;S;07/07/2022
3979;13:41:07;1.219,50;1,5;0,141;B;07/07/2022
3978;13:41:04;1.219,70;1,7;0,091;S;07/07/2022
3977;13:41:01;1.219,50;1,5;0,004;S;07/07/2022
3976;13:40:57;1.219,40;1,4;0,064;B;07/07/2022
3975;13:40:54;1.219,40;1,4;0,093;B;07/07/2022
3974;13:40:51;1.219,50;1,5;0,161;B;07/07/2022
3973;13:40:45;1.219,20;1,2;0,218;B;07/07/2022
3972;13:40:39;1.219,50;1,5;0,139;S;07/07/2022
3971;13:40:33;1.219,30;1,3;0,03;B;07/07/2022
3970;13:40:30;1.219,30;1,3;0,037;S;07/07/2022
3969;13:40:25;1.219,30;1,3;0,091;B;07/07/2022
3968;13:40:22;1.219,50;1,5;0,013;B;07/07/2022
3967;13:40:18;1.219,20;1,2;0,178;B;07/07/2022
3966;13:40:15;1.219,20;1,2;0,132;B;07/07/2022
3965;13:40:09;1.219,10;1,1;0,067;B;07/07/2022
3964;13:40:06;1.219,20;1,2;0,12;B;07/07/2022
3963;13:40:00;1.219,80;1,8;0,043;S;07/07/2022
3962;13:39:57;1.219,50;1,5;0,062;S;07/07/2022
3961;13:39:54;1.219,40;1,4;0,026;B;07/07/2022
3960;13:39:51;1.219,50;1,5;0,074;B;07/07/2022
3959;13:39:49;1.220,20;2,2;0,223;S;07/07/2022
3958;13:39:45;1.220,20;2,2;0,045;S;07/07/2022
3957;13:39:42;1.220,20;2,2;0,061;S;07/07/2022
3956;13:39:39;1.220;2;0,078;S;07/07/2022
3955;13:39:36;1.220,20;2,2;0,144;S;07/07/2022
3954;13:39:33;1.220,20;2,2;0,125;S;07/07/2022
3953;13:39:30;1.219,60;1,6;0,112;B;07/07/2022
3952;13:39:28;1.219,60;1,6;0,089;S;07/07/2022
3951;13:39:24;1.219,50;1,5;0,272;B;07/07/2022
3950;13:39:22;1.220;2;0,162;S;07/07/2022
3949;13:39:18;1.220;2;0,136;S;07/07/2022
3948;13:39:15;1.220,10;2,1;0,157;S;07/07/2022
3947;13:39:13;1.220;2;0,335;B;07/07/2022
3946;13:39:09;1.220;2;0,181;S;07/07/2022
3945;13:39:05;1.220;2;0,07;S;07/07/2022
3944;13:39:02;1.219,20;1,2;0,181;B;07/07/2022
3943;13:38:59;1.219,30;1,3;0,114;B;07/07/2022
3942;13:38:56;1.219,30;1,3;0,244;B;07/07/2022
3941;13:38:53;1.219,10;1,1;0,136;B;07/07/2022
3940;13:38:50;1.219;1;0,779;B;07/07/2022
3939;13:38:41;1.218,40;0,4;0,249;S;07/07/2022
3938;13:38:35;1.218,40;0,4;0,104;S;07/07/2022
3937;13:38:31;1.218,10;0,1;0,15;S;07/07/2022
3936;13:38:25;1.217,50;-0,5;0,255;B;07/07/2022
3935;13:38:20;1.217,60;-0,4;0,103;B;07/07/2022
3934;13:38:17;1.217,10;-0,9;0,062;B;07/07/2022
3933;13:38:14;1.217,10;-0,9;0,147;B;07/07/2022
3932;13:38:11;1.217,10;-0,9;0,007;S;07/07/2022
3931;13:38:08;1.217;-1;0,078;S;07/07/2022
3930;13:38:05;1.217;-1;0,013;S;07/07/2022
3929;13:38:02;1.216,70;-1,3;0,006;B;07/07/2022
3928;13:37:58;1.217;-1;0,045;B;07/07/2022
3927;13:37:55;1.217;-1;0,031;S;07/07/2022
3926;13:37:52;1.216,70;-1,3;0,023;B;07/07/2022
3925;13:37:49;1.217,10;-0,9;0,034;S;07/07/2022
3924;13:37:45;1.216,70;-1,3;0,019;B;07/07/2022
3923;13:37:43;1.216,50;-1,5;0,058;B;07/07/2022
3922;13:37:40;1.217,20;-0,8;0,02;B;07/07/2022
3921;13:37:37;1.216,60;-1,4;0,085;B;07/07/2022
3920;13:37:34;1.217,20;-0,8;0,084;S;07/07/2022
3919;13:37:32;1.217,10;-0,9;0,08;B;07/07/2022
3918;13:37:29;1.217,30;-0,7;0,095;S;07/07/2022
3917;13:37:26;1.217;-1;0,028;S;07/07/2022
3916;13:37:23;1.216,90;-1,1;0,039;B;07/07/2022
3915;13:37:18;1.217;-1;0,01;B;07/07/2022
3914;13:37:15;1.217;-1;0,028;B;07/07/2022
3913;13:37:13;1.216,70;-1,3;0,127;B;07/07/2022
3912;13:37:09;1.217;-1;0,193;B;07/07/2022
3911;13:37:04;1.216,50;-1,5;0,045;B;07/07/2022
3910;13:37:01;1.216,50;-1,5;0,077;S;07/07/2022
3909;13:36:58;1.216,50;-1,5;0,117;S;07/07/2022
3908;13:36:55;1.216,30;-1,7;0,027;S;07/07/2022
3907;13:36:52;1.216,20;-1,8;0,034;B;07/07/2022
3906;13:36:45;1.216,30;-1,7;0,132;S;07/07/2022
3905;13:36:42;1.216,20;-1,8;0,063;B;07/07/2022
3904;13:36:39;1.216,30;-1,7;0,078;S;07/07/2022
3903;13:36:34;1.216,30;-1,7;0,046;S;07/07/2022
3902;13:36:31;1.216,20;-1,8;0,027;S;07/07/2022
3901;13:36:27;1.216,20;-1,8;0,123;B;07/07/2022
3900;13:36:25;1.216,20;-1,8;0,233;S;07/07/2022
3899;13:36:19;1.216,20;-1,8;0,073;B;07/07/2022
3898;13:36:16;1.216,30;-1,7;0,074;B;07/07/2022
3897;13:36:10;1.216,50;-1,5;0,042;B;07/07/2022
3896;13:36:07;1.216,60;-1,4;0,013;B;07/07/2022
3895;13:36:04;1.216,80;-1,2;0,037;S;07/07/2022
3894;13:36:01;1.216,80;-1,2;0,029;S;07/07/2022
3893;13:35:58;1.216,80;-1,2;0,035;B;07/07/2022
3892;13:35:55;1.216,80;-1,2;0,01;B;07/07/2022
3891;13:35:52;1.216,80;-1,2;0,04;B;07/07/2022
3890;13:35:49;1.217,10;-0,9;0,035;B;07/07/2022
3889;13:35:46;1.216,90;-1,1;0,05;B;07/07/2022
3888;13:35:44;1.217,20;-0,8;0,057;S;07/07/2022
3887;13:35:41;1.217,20;-0,8;0,046;B;07/07/2022
3886;13:35:38;1.217,20;-0,8;0,028;B;07/07/2022
3885;13:35:35;1.217,20;-0,8;0,05;B;07/07/2022
3884;13:35:31;1.217,20;-0,8;0,032;B;07/07/2022
3883;13:35:29;1.217,30;-0,7;0,072;S;07/07/2022
3882;13:35:26;1.217,20;-0,8;0,178;B;07/07/2022
3881;13:35:23;1.217,30;-0,7;0,092;B;07/07/2022
3880;13:35:20;1.217,10;-0,9;0,114;S;07/07/2022
3879;13:35:18;1.217;-1;0,201;S;07/07/2022
3878;13:35:12;1.216,90;-1,1;0,037;S;07/07/2022
3877;13:35:09;1.216,80;-1,2;0,037;S;07/07/2022
3876;13:35:06;1.216,80;-1,2;0,011;S;07/07/2022
3875;13:35:03;1.216,50;-1,5;0,26;S;07/07/2022
3874;13:34:57;1.216,30;-1,7;0,105;S;07/07/2022
3873;13:34:51;1.216,30;-1,7;0,216;S;07/07/2022
3872;13:34:46;1.216,20;-1,8;0,132;S;07/07/2022
3871;13:34:40;1.216,20;-1,8;0,164;B;07/07/2022
3870;13:34:35;1.216,10;-1,9;0,15;B;07/07/2022
3869;13:34:29;1.216,30;-1,7;0,04;S;07/07/2022
3868;13:34:26;1.216,30;-1,7;0,24;B;07/07/2022
3867;13:34:19;1.216,60;-1,4;0,159;B;07/07/2022
3866;13:34:13;1.216,60;-1,4;0,045;B;07/07/2022
3865;13:34:09;1.216,60;-1,4;0,005;B;07/07/2022
3864;13:34:06;1.216,80;-1,2;0,008;S;07/07/2022
3863;13:34:04;1.216,80;-1,2;0,008;S;07/07/2022
3862;13:34:01;1.216,80;-1,2;0,053;B;07/07/2022
3861;13:33:58;1.216,80;-1,2;0,017;B;07/07/2022
3860;13:33:55;1.216,80;-1,2;0,095;B;07/07/2022
3859;13:33:52;1.216,60;-1,4;0,041;B;07/07/2022
3858;13:33:48;1.216,80;-1,2;0,054;S;07/07/2022
3857;13:33:43;1.216,80;-1,2;0,021;S;07/07/2022
3856;13:33:40;1.216,70;-1,3;0,028;B;07/07/2022
3855;13:33:37;1.216,80;-1,2;0,071;B;07/07/2022
3854;13:33:34;1.216,60;-1,4;0,058;B;07/07/2022
3853;13:33:31;1.216,70;-1,3;0,084;B;07/07/2022
3852;13:33:28;1.217;-1;0,078;S;07/07/2022
3851;13:33:26;1.216,70;-1,3;0,023;B;07/07/2022
3850;13:33:23;1.217;-1;0,007;S;07/07/2022
3849;13:33:20;1.216,80;-1,2;0,012;S;07/07/2022
3848;13:33:17;1.216,70;-1,3;0,073;B;07/07/2022
3847;13:33:13;1.217,30;-0,7;0,051;S;07/07/2022
3846;13:33:11;1.217;-1;0,119;B;07/07/2022
3845;13:33:08;1.217,10;-0,9;0,039;B;07/07/2022
3844;13:33:05;1.217,50;-0,5;0,019;S;07/07/2022
3843;13:33:03;1.217,30;-0,7;0,029;B;07/07/2022
3842;13:33:00;1.217,50;-0,5;0,026;S;07/07/2022
3841;13:32:57;1.217,30;-0,7;0,021;B;07/07/2022
3840;13:32:54;1.217,50;-0,5;0,137;B;07/07/2022
3839;13:32:51;1.217,30;-0,7;0,029;B;07/07/2022
3838;13:32:49;1.217,50;-0,5;0,015;S;07/07/2022
3837;13:32:46;1.217,20;-0,8;0,031;B;07/07/2022
3836;13:32:43;1.217,50;-0,5;0,07;S;07/07/2022
3835;13:32:39;1.217,20;-0,8;0,032;S;07/07/2022
3834;13:32:37;1.217,30;-0,7;0,084;S;07/07/2022
3833;13:32:34;1.217,40;-0,6;0,194;S;07/07/2022
3832;13:32:31;1.217,30;-0,7;0,039;B;07/07/2022
3831;13:32:28;1.217,30;-0,7;0,065;S;07/07/2022
3830;13:32:25;1.217,20;-0,8;0,04;B;07/07/2022
3829;13:32:22;1.217,30;-0,7;0,033;S;07/07/2022
3828;13:32:20;1.217,30;-0,7;0,052;S;07/07/2022
3827;13:32:17;1.217,30;-0,7;0,031;S;07/07/2022
3826;13:32:14;1.217,20;-0,8;0,122;S;07/07/2022
3825;13:32:11;1.217,10;-0,9;0,013;B;07/07/2022
3824;13:32:08;1.217,20;-0,8;0,075;S;07/07/2022
3823;13:32:05;1.217,10;-0,9;0,055;S;07/07/2022
3822;13:32:02;1.216,80;-1,2;0,131;B;07/07/2022
3821;13:31:59;1.216,80;-1,2;0,077;B;07/07/2022
3820;13:31:56;1.216,70;-1,3;0,098;B;07/07/2022
3819;13:31:54;1.216,70;-1,3;0,096;B;07/07/2022
3818;13:31:51;1.216,70;-1,3;0,03;B;07/07/2022
3817;13:31:48;1.216,60;-1,4;0,061;B;07/07/2022
3816;13:31:45;1.216,70;-1,3;0,183;B;07/07/2022
3815;13:31:43;1.216,70;-1,3;0,011;B;07/07/2022
3814;13:31:40;1.216,60;-1,4;0,172;B;07/07/2022
3813;13:31:33;1.216,60;-1,4;0,043;B;07/07/2022
3812;13:31:31;1.216,80;-1,2;0,134;B;07/07/2022
3811;13:31:28;1.216,80;-1,2;0,116;B;07/07/2022
3810;13:31:23;1.216,80;-1,2;0,215;B;07/07/2022
3809;13:31:17;1.217,10;-0,9;0,313;B;07/07/2022
3808;13:31:11;1.217,30;-0,7;0,214;B;07/07/2022
3807;13:31:06;1.216,60;-1,4;0,159;B;07/07/2022
3806;13:30:59;1.217,40;-0,6;0,237;B;07/07/2022
3805;13:30:56;1.217,50;-0,5;0,27;S;07/07/2022
3804;13:30:53;1.217,40;-0,6;0,15;B;07/07/2022
3803;13:30:47;1.217,50;-0,5;0,079;B;07/07/2022
3802;13:30:44;1.217,50;-0,5;0,201;B;07/07/2022
3801;13:30:38;1.218;0;0,021;S;07/07/2022
3800;13:30:36;1.218;0;0,111;B;07/07/2022
3799;13:30:33;1.218;0;0,07;B;07/07/2022
3798;13:30:27;1.218,10;0,1;0,198;B;07/07/2022
3797;13:30:20;1.218,20;0,2;0,12;B;07/07/2022
3796;13:30:15;1.218,40;0,4;0,022;B;07/07/2022
3795;13:30:12;1.218,50;0,5;0,078;B;07/07/2022
3794;13:30:09;1.218,40;0,4;0,077;B;07/07/2022
3793;13:30:04;1.218,50;0,5;0,05;B;07/07/2022
3792;13:30:01;1.218,40;0,4;0,016;B;07/07/2022
3791;13:29:58;1.218,30;0,3;0,047;B;07/07/2022
3790;13:29:56;1.218,40;0,4;0,065;S;07/07/2022
3789;13:29:53;1.218,60;0,6;0,022;S;07/07/2022
3788;13:29:49;1.218,50;0,5;0,055;S;07/07/2022
3787;13:29:47;1.218,10;0,1;0,06;B;07/07/2022
3786;13:29:44;1.218,20;0,2;0,038;S;07/07/2022
3785;13:29:42;1.218,10;0,1;0,051;S;07/07/2022
3784;13:29:39;1.218;0;0,081;S;07/07/2022
3783;13:29:36;1.218;0;0,139;S;07/07/2022
3782;13:29:33;1.218;0;0,028;S;07/07/2022
3781;13:29:31;1.218;0;0,035;S;07/07/2022
3780;13:29:28;1.217,70;-0,3;0,104;S;07/07/2022
3779;13:29:25;1.217,70;-0,3;0,215;B;07/07/2022
3778;13:29:19;1.217,70;-0,3;0,072;B;07/07/2022
3777;13:29:13;1.217,70;-0,3;0,077;B;07/07/2022
3776;13:29:10;1.217,70;-0,3;0,168;B;07/07/2022
3775;13:29:05;1.217,70;-0,3;0,082;B;07/07/2022
3774;13:29:02;1.217,70;-0,3;0,041;B;07/07/2022
3773;13:28:59;1.217,70;-0,3;0,354;B;07/07/2022
3772;13:28:54;1.217,70;-0,3;0,085;B;07/07/2022
3771;13:28:49;1.217,80;-0,2;0,137;B;07/07/2022
3770;13:28:43;1.217,60;-0,4;0,209;B;07/07/2022
3769;13:28:37;1.218;0;0,249;B;07/07/2022
3768;13:28:32;1.218;0;0,267;B;07/07/2022
3767;13:28:24;1.218;0;0,085;B;07/07/2022
3766;13:28:21;1.218;0;0,119;B;07/07/2022
3765;13:28:19;1.218,10;0,1;0,209;B;07/07/2022
3764;13:28:16;1.218,20;0,2;0,089;B;07/07/2022
3763;13:28:13;1.218,30;0,3;0,064;B;07/07/2022
3762;13:28:11;1.218,20;0,2;0,142;B;07/07/2022
3761;13:28:08;1.218,50;0,5;0,093;S;07/07/2022
3760;13:28:05;1.218,30;0,3;0,092;B;07/07/2022
3759;13:28:03;1.218,80;0,8;0,057;S;07/07/2022
3758;13:27:59;1.218,80;0,8;0,034;S;07/07/2022
3757;13:27:56;1.218,50;0,5;0,093;B;07/07/2022
3756;13:27:53;1.218,80;0,8;0,055;S;07/07/2022
3755;13:27:51;1.219;1;0,003;S;07/07/2022
3754;13:27:48;1.218,90;0,9;0,052;B;07/07/2022
3753;13:27:45;1.219,10;1,1;0,018;S;07/07/2022
3752;13:27:43;1.219,10;1,1;0,069;S;07/07/2022
3751;13:27:40;1.219,10;1,1;0,016;B;07/07/2022
3750;13:27:38;1.219,20;1,2;0,043;S;07/07/2022
3749;13:27:35;1.219,10;1,1;0,109;B;07/07/2022
3748;13:27:30;1.219,20;1,2;0,023;B;07/07/2022
3747;13:27:27;1.219,40;1,4;0,01;B;07/07/2022
3746;13:27:23;1.219,20;1,2;0,123;B;07/07/2022
3745;13:27:21;1.219,70;1,7;0,073;B;07/07/2022
3744;13:27:17;1.219,80;1,8;0,057;S;07/07/2022
3743;13:27:14;1.219,80;1,8;0,015;B;07/07/2022
3742;13:27:12;1.219,90;1,9;0,074;S;07/07/2022
3741;13:27:09;1.220;2;0,125;B;07/07/2022
3740;13:27:06;1.220;2;0,048;B;07/07/2022
3739;13:27:03;1.220;2;0,054;B;07/07/2022
3738;13:27:00;1.220,30;2,3;0,092;B;07/07/2022
3737;13:26:58;1.220,40;2,4;0,004;S;07/07/2022
3736;13:26:55;1.220,40;2,4;0,003;S;07/07/2022
3735;13:26:51;1.220,40;2,4;0,005;S;07/07/2022
3734;13:26:49;1.220,70;2,7;0,007;S;07/07/2022
3733;13:26:46;1.220,40;2,4;0,071;B;07/07/2022
3732;13:26:44;1.220,40;2,4;0,037;B;07/07/2022
3731;13:26:41;1.220,40;2,4;0,058;B;07/07/2022
3730;13:26:38;1.220,50;2,5;0,034;S;07/07/2022
3729;13:26:36;1.220,50;2,5;0,052;S;07/07/2022
3728;13:26:33;1.220,40;2,4;0,025;S;07/07/2022
3727;13:26:31;1.220,20;2,2;0,045;B;07/07/2022
3726;13:26:28;1.220,40;2,4;0,015;S;07/07/2022
3725;13:26:25;1.220,30;2,3;0,023;S;07/07/2022
3724;13:26:22;1.220,30;2,3;0,135;S;07/07/2022
3723;13:26:19;1.219,90;1,9;0,021;B;07/07/2022
3722;13:26:16;1.219,90;1,9;0,139;B;07/07/2022
3721;13:26:13;1.219,90;1,9;0,008;B;07/07/2022
3720;13:26:10;1.220;2;0,056;S;07/07/2022
3719;13:26:08;1.219,90;1,9;0,004;B;07/07/2022
3718;13:26:05;1.219,90;1,9;0,082;B;07/07/2022
3717;13:26:02;1.220;2;0,032;S;07/07/2022
3716;13:25:59;1.219,90;1,9;0,013;B;07/07/2022
3715;13:25:57;1.219,90;1,9;0,038;B;07/07/2022
3714;13:25:54;1.219,90;1,9;0,042;B;07/07/2022
3713;13:25:51;1.220;2;0,011;S;07/07/2022
3712;13:25:49;1.219,80;1,8;0,037;B;07/07/2022
3711;13:25:46;1.220;2;0,013;S;07/07/2022
3710;13:25:44;1.219,90;1,9;0,016;B;07/07/2022
3709;13:25:41;1.220,10;2,1;0,005;B;07/07/2022
3708;13:25:39;1.220;2;0,04;B;07/07/2022
3707;13:25:35;1.220,10;2,1;0,003;B;07/07/2022
3706;13:25:32;1.220,20;2,2;0,029;S;07/07/2022
3705;13:25:30;1.220,20;2,2;0,13;B;07/07/2022
3704;13:25:27;1.220,20;2,2;0,026;B;07/07/2022
3703;13:25:24;1.220,20;2,2;0,004;B;07/07/2022
3702;13:25:22;1.220,30;2,3;0,031;S;07/07/2022
3701;13:25:19;1.220,30;2,3;0,031;S;07/07/2022
3700;13:25:17;1.220,30;2,3;0,08;B;07/07/2022
3699;13:25:14;1.220,50;2,5;0,075;B;07/07/2022
3698;13:25:12;1.220,60;2,6;0,056;B;07/07/2022
3697;13:25:09;1.220,50;2,5;0,047;B;07/07/2022
3696;13:25:07;1.220,70;2,7;0,016;S;07/07/2022
3695;13:25:02;1.220,80;2,8;0,071;S;07/07/2022
3694;13:25:00;1.220,70;2,7;0,069;S;07/07/2022
3693;13:24:55;1.220,80;2,8;0,043;S;07/07/2022
3692;13:24:52;1.220,60;2,6;0,044;B;07/07/2022
3691;13:24:47;1.220,80;2,8;0,059;B;07/07/2022
3690;13:24:42;1.220,60;2,6;0,084;B;07/07/2022
3689;13:24:39;1.220,80;2,8;0,049;B;07/07/2022
3688;13:24:34;1.220,50;2,5;0,229;B;07/07/2022
3687;13:24:28;1.220,60;2,6;0,053;B;07/07/2022
3686;13:24:23;1.220,50;2,5;0,041;B;07/07/2022
3685;13:24:20;1.220,50;2,5;0,374;B;07/07/2022
3684;13:24:14;1.220,40;2,4;0,054;B;07/07/2022
3683;13:24:09;1.220,50;2,5;0,079;S;07/07/2022
3682;13:24:07;1.220,50;2,5;0,015;S;07/07/2022
3681;13:24:04;1.220,50;2,5;0,112;B;07/07/2022
3680;13:24:01;1.220,50;2,5;0,018;S;07/07/2022
3679;13:23:59;1.220,50;2,5;0,175;B;07/07/2022
3678;13:23:53;1.220,60;2,6;0,066;S;07/07/2022
3677;13:23:50;1.220,60;2,6;0,14;S;07/07/2022
3676;13:23:48;1.220,50;2,5;0,022;B;07/07/2022
3675;13:23:45;1.220,60;2,6;0,13;S;07/07/2022
3674;13:23:42;1.220,30;2,3;0,07;B;07/07/2022
3673;13:23:39;1.220,50;2,5;0,235;S;07/07/2022
3672;13:23:37;1.220,40;2,4;0,03;S;07/07/2022
3671;13:23:34;1.220;2;0,129;S;07/07/2022
3670;13:23:31;1.220;2;0,089;S;07/07/2022
3669;13:23:29;1.220;2;0,107;S;07/07/2022
3668;13:23:26;1.219,90;1,9;0,098;B;07/07/2022
3667;13:23:23;1.219,90;1,9;0,004;S;07/07/2022
3666;13:23:20;1.219,90;1,9;0,109;S;07/07/2022
3665;13:23:17;1.219,90;1,9;0,086;S;07/07/2022
3664;13:23:12;1.219,80;1,8;0,063;B;07/07/2022
3663;13:23:09;1.219,60;1,6;0,104;S;07/07/2022
3662;13:23:07;1.219,50;1,5;0,052;S;07/07/2022
3661;13:23:04;1.219,50;1,5;0,015;S;07/07/2022
3660;13:23:01;1.219,50;1,5;0,034;S;07/07/2022
3659;13:22:58;1.219,40;1,4;0,048;S;07/07/2022
3658;13:22:53;1.219,40;1,4;0,021;S;07/07/2022
3657;13:22:51;1.219,40;1,4;0,073;S;07/07/2022
3656;13:22:45;1.219,30;1,3;0,035;B;07/07/2022
3655;13:22:43;1.219,20;1,2;0,023;B;07/07/2022
3654;13:22:39;1.219,20;1,2;0,039;B;07/07/2022
3653;13:22:34;1.219,20;1,2;0,018;B;07/07/2022
3652;13:22:32;1.219,20;1,2;0,037;S;07/07/2022
3651;13:22:27;1.219,30;1,3;0,041;S;07/07/2022
3650;13:22:24;1.219,30;1,3;0,031;S;07/07/2022
3649;13:22:21;1.219;1;0,022;B;07/07/2022
3648;13:22:18;1.219,30;1,3;0,049;S;07/07/2022
3647;13:22:15;1.218,90;0,9;0,13;B;07/07/2022
3646;13:22:09;1.219;1;0,01;S;07/07/2022
3645;13:22:06;1.219;1;0,026;S;07/07/2022
3644;13:22:04;1.219;1;0,009;S;07/07/2022
3643;13:22:01;1.218,80;0,8;0,089;S;07/07/2022
3642;13:21:58;1.218,70;0,7;0,073;S;07/07/2022
3641;13:21:56;1.218,70;0,7;0,01;S;07/07/2022
3640;13:21:53;1.218,60;0,6;0,014;B;07/07/2022
3639;13:21:50;1.218,70;0,7;0,015;S;07/07/2022
3638;13:21:48;1.218,60;0,6;0,009;B;07/07/2022
3637;13:21:45;1.218,60;0,6;0,087;B;07/07/2022
3636;13:21:43;1.218,70;0,7;0,006;S;07/07/2022
3635;13:21:40;1.218,50;0,5;0,126;B;07/07/2022
3634;13:21:37;1.219;1;0,01;S;07/07/2022
3633;13:21:35;1.218,90;0,9;0,03;B;07/07/2022
3632;13:21:32;1.219;1;0,053;B;07/07/2022
3631;13:21:29;1.219,10;1,1;0,036;S;07/07/2022
3630;13:21:27;1.219;1;0,042;B;07/07/2022
3629;13:21:24;1.219,20;1,2;0,12;S;07/07/2022
3628;13:21:19;1.219,20;1,2;0,006;S;07/07/2022
3627;13:21:16;1.219,20;1,2;0,057;B;07/07/2022
3626;13:21:14;1.219,30;1,3;0,049;S;07/07/2022
3625;13:21:11;1.219,30;1,3;0,038;B;07/07/2022
3624;13:21:08;1.219,30;1,3;0,05;S;07/07/2022
3623;13:21:05;1.219,30;1,3;0,085;S;07/07/2022
3622;13:21:01;1.219,40;1,4;0,022;S;07/07/2022
3621;13:20:59;1.219,30;1,3;0,082;S;07/07/2022
3620;13:20:56;1.219,30;1,3;0,044;S;07/07/2022
3619;13:20:54;1.219;1;0,094;S;07/07/2022
3618;13:20:51;1.218,90;0,9;0,118;B;07/07/2022
3617;13:20:48;1.218,50;0,5;0,117;B;07/07/2022
3616;13:20:46;1.218,70;0,7;0,015;S;07/07/2022
3615;13:20:43;1.218,50;0,5;0,016;B;07/07/2022
3614;13:20:41;1.218,60;0,6;0,004;B;07/07/2022
3613;13:20:38;1.218,50;0,5;0,053;B;07/07/2022
3612;13:20:35;1.218,50;0,5;0,095;B;07/07/2022
3611;13:20:32;1.218,60;0,6;0,058;B;07/07/2022
3610;13:20:29;1.218,50;0,5;0,016;B;07/07/2022
3609;13:20:27;1.218,60;0,6;0,012;S;07/07/2022
3608;13:20:23;1.218,60;0,6;0,016;S;07/07/2022
3607;13:20:21;1.218,60;0,6;0,044;S;07/07/2022
3606;13:20:18;1.218,80;0,8;0,126;S;07/07/2022
3605;13:20:16;1.218,60;0,6;0,028;B;07/07/2022
3604;13:20:13;1.218,60;0,6;0,021;B;07/07/2022
3603;13:20:10;1.218,60;0,6;0,074;B;07/07/2022
3602;13:20:08;1.218,90;0,9;0,009;S;07/07/2022
3601;13:20:05;1.218,90;0,9;0,059;S;07/07/2022
3600;13:20:03;1.218,90;0,9;0,035;B;07/07/2022
3599;13:20:00;1.218,90;0,9;0,002;B;07/07/2022
3598;13:19:58;1.219;1;0,036;S;07/07/2022
3597;13:19:55;1.218,80;0,8;0,047;B;07/07/2022
3596;13:19:53;1.218,90;0,9;0,053;S;07/07/2022
3595;13:19:50;1.219;1;0,088;S;07/07/2022
3594;13:19:46;1.219;1;0,064;S;07/07/2022
3593;13:19:43;1.218,90;0,9;0,064;S;07/07/2022
3592;13:19:41;1.218,80;0,8;0,012;S;07/07/2022
3591;13:19:39;1.218,70;0,7;0,09;B;07/07/2022
3590;13:19:36;1.218,50;0,5;0,027;B;07/07/2022
3589;13:19:34;1.218,70;0,7;0,029;S;07/07/2022
3588;13:19:31;1.218,70;0,7;0,075;S;07/07/2022
3587;13:19:28;1.218,40;0,4;0,011;B;07/07/2022
3586;13:19:26;1.218,50;0,5;0,048;S;07/07/2022
3585;13:19:23;1.218,40;0,4;0,061;S;07/07/2022
3584;13:19:20;1.218,40;0,4;0,036;B;07/07/2022
3583;13:19:18;1.218,40;0,4;0,133;B;07/07/2022
3582;13:19:15;1.218,40;0,4;0,034;S;07/07/2022
3581;13:19:12;1.218,30;0,3;0,137;B;07/07/2022
3580;13:19:09;1.218,50;0,5;0,116;B;07/07/2022
3579;13:19:04;1.218,70;0,7;0,006;S;07/07/2022
3578;13:19:01;1.218,50;0,5;0,054;B;07/07/2022
3577;13:18:59;1.218,50;0,5;0,163;B;07/07/2022
3576;13:18:54;1.218,50;0,5;0,081;B;07/07/2022
3575;13:18:49;1.218,50;0,5;0,096;B;07/07/2022
3574;13:18:44;1.218,80;0,8;0,081;B;07/07/2022
3573;13:18:41;1.218,60;0,6;0,193;B;07/07/2022
3572;13:18:33;1.218,80;0,8;0,095;B;07/07/2022
3571;13:18:28;1.218,90;0,9;0,049;B;07/07/2022
3570;13:18:26;1.218,70;0,7;0,059;B;07/07/2022
3569;13:18:24;1.219;1;0,148;S;07/07/2022
3568;13:18:21;1.218,90;0,9;0,087;B;07/07/2022
3567;13:18:16;1.219;1;0,326;B;07/07/2022
3566;13:18:09;1.219;1;0,158;B;07/07/2022
3565;13:18:06;1.219;1;0,092;B;07/07/2022
3564;13:18:04;1.219,20;1,2;0,046;S;07/07/2022
3563;13:18:01;1.219,30;1,3;0,063;S;07/07/2022
3562;13:17:58;1.219,30;1,3;0,136;S;07/07/2022
3561;13:17:55;1.219,30;1,3;0,014;S;07/07/2022
3560;13:17:52;1.219,30;1,3;0,096;S;07/07/2022
3559;13:17:50;1.219,30;1,3;0,026;S;07/07/2022
3558;13:17:47;1.219,30;1,3;0,032;B;07/07/2022
3557;13:17:45;1.219,20;1,2;0,045;B;07/07/2022
3556;13:17:42;1.219,30;1,3;0,125;S;07/07/2022
3555;13:17:39;1.219,30;1,3;0,162;S;07/07/2022
3554;13:17:34;1.219,30;1,3;0,002;B;07/07/2022
3553;13:17:32;1.219,30;1,3;0,1;B;07/07/2022
3552;13:17:29;1.219,20;1,2;0,13;B;07/07/2022
3551;13:17:24;1.219,30;1,3;0,04;B;07/07/2022
3550;13:17:21;1.219,30;1,3;0,034;B;07/07/2022
3549;13:17:19;1.219,50;1,5;0,32;B;07/07/2022
3548;13:17:11;1.219,50;1,5;0,11;B;07/07/2022
3547;13:17:09;1.219,50;1,5;0,014;B;07/07/2022
3546;13:17:06;1.219,50;1,5;0,021;B;07/07/2022
3545;13:17:04;1.219,60;1,6;0,081;B;07/07/2022
3544;13:16:59;1.219,60;1,6;0,031;B;07/07/2022
3543;13:16:54;1.219,80;1,8;0,04;B;07/07/2022
3542;13:16:49;1.219,60;1,6;0,125;B;07/07/2022
3541;13:16:46;1.219,80;1,8;0,028;B;07/07/2022
3540;13:16:40;1.220;2;0,03;S;07/07/2022
3539;13:16:38;1.219,90;1,9;0,047;S;07/07/2022
3538;13:16:33;1.220,10;2,1;0,028;S;07/07/2022
3537;13:16:30;1.219,90;1,9;0,325;B;07/07/2022
3536;13:16:22;1.220,40;2,4;0,082;S;07/07/2022
3535;13:16:19;1.220,30;2,3;0,091;S;07/07/2022
3534;13:16:13;1.220,40;2,4;0,006;S;07/07/2022
3533;13:16:11;1.220,30;2,3;0,005;S;07/07/2022
3532;13:16:08;1.220,20;2,2;0,003;B;07/07/2022
3531;13:16:05;1.220,30;2,3;0,001;S;07/07/2022
3530;13:16:02;1.220,10;2,1;0,03;B;07/07/2022
3529;13:16:00;1.220,20;2,2;0,014;S;07/07/2022
3528;13:15:57;1.220,20;2,2;0,001;S;07/07/2022
3527;13:15:55;1.220,20;2,2;0,019;S;07/07/2022
3526;13:15:52;1.220;2;0,023;S;07/07/2022
3525;13:15:50;1.220;2;0,004;B;07/07/2022
3524;13:15:47;1.220,20;2,2;0,016;S;07/07/2022
3523;13:15:45;1.220;2;0,029;S;07/07/2022
3522;13:15:39;1.220;2;0,044;S;07/07/2022
3521;13:15:36;1.220;2;0,022;S;07/07/2022
3520;13:15:34;1.219,90;1,9;0,001;B;07/07/2022
3519;13:15:31;1.220;2;0,064;S;07/07/2022
3518;13:15:29;1.219,80;1,8;0,003;B;07/07/2022
3517;13:15:27;1.220;2;0,036;S;07/07/2022
3516;13:15:24;1.219,80;1,8;0,011;B;07/07/2022
3515;13:15:22;1.220;2;0,002;B;07/07/2022
3514;13:15:19;1.220;2;0,012;B;07/07/2022
3513;13:15:17;1.220;2;0,046;S;07/07/2022
3512;13:15:14;1.219,90;1,9;0,093;B;07/07/2022
3511;13:15:08;1.220;2;0,046;B;07/07/2022
3510;13:15:05;1.220,20;2,2;0,017;B;07/07/2022
3509;13:15:02;1.220,20;2,2;0,007;S;07/07/2022
3508;13:15:00;1.220,10;2,1;0,005;B;07/07/2022
3507;13:14:57;1.220;2;0,007;B;07/07/2022
3506;13:14:55;1.220,10;2,1;0,007;S;07/07/2022
3505;13:14:52;1.220;2;0,007;B;07/07/2022
3504;13:14:50;1.220,10;2,1;0,004;S;07/07/2022
3503;13:14:47;1.220;2;0,019;B;07/07/2022
3502;13:14:45;1.220;2;0,05;B;07/07/2022
3501;13:14:43;1.220,10;2,1;0,092;S;07/07/2022
3500;13:14:40;1.220;2;0,067;S;07/07/2022
3499;13:14:38;1.220;2;0,061;S;07/07/2022
3498;13:14:35;1.219,80;1,8;0,067;B;07/07/2022
3497;13:14:33;1.219,90;1,9;0,015;B;07/07/2022
3496;13:14:31;1.219,90;1,9;0,045;B;07/07/2022
3495;13:14:27;1.219,70;1,7;0,028;B;07/07/2022
3494;13:14:24;1.219,90;1,9;0,007;S;07/07/2022
3493;13:14:22;1.219,90;1,9;0,005;S;07/07/2022
3492;13:14:19;1.219,60;1,6;0,083;B;07/07/2022
3491;13:14:16;1.219,60;1,6;0,094;B;07/07/2022
3490;13:14:14;1.219,70;1,7;0,057;B;07/07/2022
3489;13:14:11;1.219,60;1,6;0,014;S;07/07/2022
3488;13:14:08;1.219,60;1,6;0,026;S;07/07/2022
3487;13:14:06;1.219,50;1,5;0,012;B;07/07/2022
3486;13:14:03;1.219,60;1,6;0,015;S;07/07/2022
3485;13:14:00;1.219,60;1,6;0,036;B;07/07/2022
3484;13:13:58;1.219,50;1,5;0,139;B;07/07/2022
3483;13:13:55;1.219,60;1,6;0,008;B;07/07/2022
3482;13:13:52;1.219,50;1,5;0,041;B;07/07/2022
3481;13:13:49;1.219,60;1,6;0,094;B;07/07/2022
3480;13:13:47;1.219,60;1,6;0,007;B;07/07/2022
3479;13:13:44;1.219,60;1,6;0,032;B;07/07/2022
3478;13:13:42;1.219,80;1,8;0,072;S;07/07/2022
3477;13:13:39;1.219,70;1,7;0,015;B;07/07/2022
3476;13:13:37;1.219,60;1,6;0,033;B;07/07/2022
3475;13:13:34;1.219,70;1,7;0,054;B;07/07/2022
3474;13:13:32;1.219,80;1,8;0,07;S;07/07/2022
3473;13:13:29;1.219,80;1,8;0,022;S;07/07/2022
3472;13:13:27;1.219,70;1,7;0,07;S;07/07/2022
3471;13:13:24;1.219,70;1,7;0,037;S;07/07/2022
3470;13:13:22;1.219,80;1,8;0,003;B;07/07/2022
3469;13:13:20;1.219,80;1,8;0,015;B;07/07/2022
3468;13:13:16;1.219,90;1,9;0,009;B;07/07/2022
3467;13:13:14;1.219,90;1,9;0,01;B;07/07/2022
3466;13:13:13;1.220;2;0,057;S;07/07/2022
3465;13:13:09;1.220;2;0,001;S;07/07/2022
3464;13:13:06;1.220;2;0,075;B;07/07/2022
3463;13:13:04;1.220,20;2,2;0,017;S;07/07/2022
3462;13:13:01;1.220,20;2,2;0,064;S;07/07/2022
3461;13:12:59;1.220,20;2,2;0,05;S;07/07/2022
3460;13:12:53;1.220,30;2,3;0,012;S;07/07/2022
3459;13:12:51;1.220,20;2,2;0,036;B;07/07/2022
3458;13:12:45;1.220,30;2,3;0,008;S;07/07/2022
3457;13:12:43;1.220,30;2,3;0,016;S;07/07/2022
3456;13:12:40;1.220,30;2,3;0,059;S;07/07/2022
3455;13:12:34;1.220,20;2,2;0,035;S;07/07/2022
3454;13:12:29;1.220,20;2,2;0,014;S;07/07/2022
3453;13:12:27;1.220,20;2,2;0,012;S;07/07/2022
3452;13:12:24;1.220,30;2,3;0,09;S;07/07/2022
3451;13:12:22;1.220,10;2,1;0,047;S;07/07/2022
3450;13:12:14;1.219,90;1,9;0,066;B;07/07/2022
3449;13:12:09;1.219,90;1,9;0,012;B;07/07/2022
3448;13:12:06;1.220;2;0,079;S;07/07/2022
3447;13:12:03;1.219,80;1,8;0,094;B;07/07/2022
3446;13:12:00;1.219,80;1,8;0,045;B;07/07/2022
3445;13:11:58;1.219,80;1,8;0,012;B;07/07/2022
3444;13:11:55;1.219,80;1,8;0,121;B;07/07/2022
3443;13:11:53;1.219,80;1,8;0,014;S;07/07/2022
3442;13:11:51;1.219,70;1,7;0,037;B;07/07/2022
3441;13:11:48;1.219,80;1,8;0,035;B;07/07/2022
3440;13:11:45;1.219,80;1,8;0,04;B;07/07/2022
3439;13:11:43;1.219,90;1,9;0,328;B;07/07/2022
3438;13:11:40;1.220,10;2,1;0,101;B;07/07/2022
3437;13:11:37;1.220,10;2,1;0,007;B;07/07/2022
3436;13:11:35;1.220,20;2,2;0,066;B;07/07/2022
3435;13:11:30;1.220,30;2,3;0,009;B;07/07/2022
3434;13:11:27;1.220,40;2,4;0,036;B;07/07/2022
3433;13:11:21;1.220,30;2,3;0,033;B;07/07/2022
3432;13:11:18;1.220,40;2,4;0,016;S;07/07/2022
3431;13:11:16;1.220,40;2,4;0,026;S;07/07/2022
3430;13:11:14;1.220,50;2,5;0,088;S;07/07/2022
3429;13:11:09;1.220,50;2,5;0,055;S;07/07/2022
3428;13:11:06;1.220,70;2,7;0,006;S;07/07/2022
3427;13:11:03;1.220,50;2,5;0,019;B;07/07/2022
3426;13:11:01;1.220,50;2,5;0,002;B;07/07/2022
3425;13:10:58;1.220,60;2,6;0,012;B;07/07/2022
3424;13:10:56;1.220,50;2,5;0,008;S;07/07/2022
3423;13:10:50;1.220,50;2,5;0,033;S;07/07/2022
3422;13:10:48;1.220,10;2,1;0,069;B;07/07/2022
3421;13:10:43;1.220,30;2,3;0,086;S;07/07/2022
3420;13:10:38;1.220,10;2,1;0,081;S;07/07/2022
3419;13:10:35;1.220,10;2,1;0,034;S;07/07/2022
3418;13:10:31;1.220;2;0,03;B;07/07/2022
3417;13:10:28;1.220,30;2,3;0,126;S;07/07/2022
3416;13:10:26;1.220,10;2,1;0,004;B;07/07/2022
3415;13:10:23;1.220,10;2,1;0,24;S;07/07/2022
3414;13:10:21;1.219,90;1,9;0,121;S;07/07/2022
3413;13:10:13;1.219,80;1,8;0,057;B;07/07/2022
3412;13:10:10;1.220;2;0,052;S;07/07/2022
3411;13:10:08;1.220;2;0,06;S;07/07/2022
3410;13:10:05;1.219,90;1,9;0,048;B;07/07/2022
3409;13:10:03;1.220;2;0,185;S;07/07/2022
3408;13:10:00;1.220;2;0,135;B;07/07/2022
3407;13:09:57;1.220,20;2,2;0,061;S;07/07/2022
3406;13:09:54;1.220,10;2,1;0,268;B;07/07/2022
3405;13:09:52;1.220,30;2,3;0,055;B;07/07/2022
3404;13:09:49;1.220,50;2,5;0,105;S;07/07/2022
3403;13:09:46;1.220,50;2,5;0,072;B;07/07/2022
3402;13:09:43;1.220,40;2,4;0,173;B;07/07/2022
3401;13:09:40;1.220,50;2,5;0,021;B;07/07/2022
3400;13:09:38;1.220,10;2,1;0,306;B;07/07/2022
3399;13:09:36;1.220,40;2,4;0,01;B;07/07/2022
3398;13:09:33;1.220,40;2,4;0,051;B;07/07/2022
3397;13:09:31;1.220,30;2,3;0,027;B;07/07/2022
3396;13:09:28;1.220,20;2,2;0,055;B;07/07/2022
3395;13:09:26;1.220,30;2,3;0,021;B;07/07/2022
3394;13:09:23;1.220,40;2,4;0,098;B;07/07/2022
3393;13:09:21;1.220,30;2,3;0,042;B;07/07/2022
3392;13:09:18;1.220,30;2,3;0,057;B;07/07/2022
3391;13:09:16;1.220,40;2,4;0,047;B;07/07/2022
3390;13:09:13;1.220,50;2,5;0,126;B;07/07/2022
3389;13:09:11;1.220,80;2,8;0,04;S;07/07/2022
3388;13:09:08;1.220,70;2,7;0,025;B;07/07/2022
3387;13:09:04;1.220,70;2,7;0,039;B;07/07/2022
3386;13:09:02;1.220,70;2,7;0,018;B;07/07/2022
3385;13:08:59;1.220,80;2,8;0,056;S;07/07/2022
3384;13:08:57;1.220,70;2,7;0,079;B;07/07/2022
3383;13:08:51;1.220,50;2,5;0,211;B;07/07/2022
3382;13:08:49;1.220,70;2,7;0,012;B;07/07/2022
3381;13:08:46;1.220,80;2,8;0,052;S;07/07/2022
3380;13:08:43;1.220,80;2,8;0,012;B;07/07/2022
3379;13:08:41;1.220,60;2,6;0,011;B;07/07/2022
3378;13:08:39;1.220,90;2,9;0,228;S;07/07/2022
3377;13:08:36;1.220,70;2,7;0,021;B;07/07/2022
3376;13:08:34;1.220,80;2,8;0,054;S;07/07/2022
3375;13:08:30;1.220,60;2,6;0,093;B;07/07/2022
3374;13:08:28;1.220,80;2,8;0,001;S;07/07/2022
3373;13:08:25;1.220,60;2,6;0,073;B;07/07/2022
3372;13:08:20;1.220,90;2,9;0,05;S;07/07/2022
3371;13:08:17;1.221;3;0,053;S;07/07/2022
3370;13:08:15;1.221;3;0,005;S;07/07/2022
3369;13:08:13;1.220,90;2,9;0,12;B;07/07/2022
3368;13:08:10;1.221;3;0,004;B;07/07/2022
3367;13:08:08;1.221;3;0,03;B;07/07/2022
3366;13:08:05;1.221;3;0,013;B;07/07/2022
3365;13:08:02;1.220,80;2,8;0,033;B;07/07/2022
3364;13:08:00;1.221;3;0,172;S;07/07/2022
3363;13:07:58;1.221;3;0,085;S;07/07/2022
3362;13:07:55;1.221;3;0,057;S;07/07/2022
3361;13:07:52;1.221;3;0,154;B;07/07/2022
3360;13:07:50;1.221,10;3,1;0,089;B;07/07/2022
3359;13:07:47;1.221,20;3,2;0,029;B;07/07/2022
3358;13:07:45;1.221,30;3,3;0,037;B;07/07/2022
3357;13:07:42;1.221,50;3,5;0,057;B;07/07/2022
3356;13:07:39;1.221,60;3,6;0,029;B;07/07/2022
3355;13:07:37;1.221,60;3,6;0,003;B;07/07/2022
3354;13:07:34;1.221,70;3,7;0,034;S;07/07/2022
3353;13:07:29;1.221,60;3,6;0,008;B;07/07/2022
3352;13:07:27;1.221,60;3,6;0,004;B;07/07/2022
3351;13:07:24;1.221,70;3,7;0,004;S;07/07/2022
3350;13:07:22;1.221,70;3,7;0,016;B;07/07/2022
3349;13:07:19;1.221,60;3,6;0,014;B;07/07/2022
3348;13:07:16;1.221,70;3,7;0,04;B;07/07/2022
3347;13:07:11;1.221,90;3,9;0,043;S;07/07/2022
3346;13:07:08;1.221,70;3,7;0,038;S;07/07/2022
3345;13:07:06;1.221,60;3,6;0,04;B;07/07/2022
3344;13:07:03;1.221,90;3,9;0,044;B;07/07/2022
3343;13:07:01;1.222;4;0,065;S;07/07/2022
3342;13:06:56;1.221,90;3,9;0,059;B;07/07/2022
3341;13:06:54;1.222,30;4,3;0,07;S;07/07/2022
3340;13:06:49;1.222,50;4,5;0,086;S;07/07/2022
3339;13:06:43;1.222;4;0,052;S;07/07/2022
3338;13:06:40;1.222;4;0,162;S;07/07/2022
3337;13:06:34;1.221,60;3,6;0,009;S;07/07/2022
3336;13:06:31;1.221,60;3,6;0,014;S;07/07/2022
3335;13:06:29;1.221,60;3,6;0,029;S;07/07/2022
3334;13:06:26;1.221,70;3,7;0,029;S;07/07/2022
3333;13:06:21;1.221,60;3,6;0,012;S;07/07/2022
3332;13:06:19;1.221,70;3,7;0,03;S;07/07/2022
3331;13:06:17;1.221,30;3,3;0,101;S;07/07/2022
3330;13:06:10;1.221,30;3,3;0,021;S;07/07/2022
3329;13:06:08;1.221,20;3,2;0,067;S;07/07/2022
3328;13:06:05;1.221;3;0,042;B;07/07/2022
3327;13:06:02;1.221;3;0,004;B;07/07/2022
3326;13:06:00;1.221;3;0,016;B;07/07/2022
3325;13:05:57;1.221,20;3,2;0,029;S;07/07/2022
3324;13:05:55;1.220,90;2,9;0,041;B;07/07/2022
3323;13:05:53;1.221;3;0,015;S;07/07/2022
3322;13:05:50;1.221;3;0,062;S;07/07/2022
3321;13:05:48;1.220,80;2,8;0,03;B;07/07/2022
3320;13:05:45;1.221;3;0,026;S;07/07/2022
3319;13:05:43;1.221;3;0,026;S;07/07/2022
3318;13:05:40;1.221;3;0,093;S;07/07/2022
3317;13:05:35;1.221,20;3,2;0,004;S;07/07/2022
3316;13:05:32;1.221,20;3,2;0,017;B;07/07/2022
3315;13:05:29;1.221,20;3,2;0,13;B;07/07/2022
3314;13:05:27;1.221,30;3,3;0,035;S;07/07/2022
3313;13:05:22;1.221,20;3,2;0,003;B;07/07/2022
3312;13:05:20;1.221,40;3,4;0,035;S;07/07/2022
3311;13:05:15;1.221,30;3,3;0,034;B;07/07/2022
3310;13:05:13;1.221,40;3,4;0,011;S;07/07/2022
3309;13:05:08;1.221,50;3,5;0,049;S;07/07/2022
3308;13:05:05;1.221,40;3,4;0,013;B;07/07/2022
3307;13:05:03;1.221,70;3,7;0,056;S;07/07/2022
3306;13:04:59;1.221,90;3,9;0,063;S;07/07/2022
3305;13:04:57;1.221,80;3,8;0,137;S;07/07/2022
3304;13:04:52;1.221,70;3,7;0,133;B;07/07/2022
3303;13:04:49;1.221,70;3,7;0,017;B;07/07/2022
3302;13:04:47;1.221,80;3,8;0,037;S;07/07/2022
3301;13:04:44;1.221,70;3,7;0,098;S;07/07/2022
3300;13:04:41;1.221,60;3,6;0,023;S;07/07/2022
3299;13:04:36;1.221,40;3,4;0,062;B;07/07/2022
3298;13:04:31;1.221,50;3,5;0,046;S;07/07/2022
3297;13:04:29;1.221,50;3,5;0,086;S;07/07/2022
3296;13:04:24;1.221,50;3,5;0,055;S;07/07/2022
3295;13:04:20;1.221,40;3,4;0,029;B;07/07/2022
3294;13:04:18;1.221,50;3,5;0,079;S;07/07/2022
3293;13:04:13;1.221,40;3,4;0,099;S;07/07/2022
3292;13:04:08;1.221,20;3,2;0,024;S;07/07/2022
3291;13:04:05;1.221,20;3,2;0,007;B;07/07/2022
3290;13:04:03;1.221,10;3,1;0,051;B;07/07/2022
3289;13:04:00;1.220,80;2,8;0,098;B;07/07/2022
3288;13:03:57;1.220,90;2,9;0,149;B;07/07/2022
3287;13:03:55;1.220,80;2,8;0,004;B;07/07/2022
3286;13:03:52;1.220,90;2,9;0,045;S;07/07/2022
3285;13:03:48;1.220,80;2,8;0,039;S;07/07/2022
3284;13:03:46;1.220,70;2,7;0,033;B;07/07/2022
3283;13:03:43;1.220,70;2,7;0,016;B;07/07/2022
3282;13:03:41;1.220,80;2,8;0,101;S;07/07/2022
3281;13:03:38;1.220,30;2,3;0,035;B;07/07/2022
3280;13:03:36;1.220,30;2,3;0,048;B;07/07/2022
3279;13:03:33;1.220,50;2,5;0,085;S;07/07/2022
3278;13:03:30;1.220,30;2,3;0,092;S;07/07/2022
3277;13:03:28;1.220,70;2,7;0,012;S;07/07/2022
3276;13:03:25;1.220,30;2,3;0,152;B;07/07/2022
3275;13:03:23;1.220,80;2,8;0,021;S;07/07/2022
3274;13:03:20;1.220,90;2,9;0,026;S;07/07/2022
3273;13:03:16;1.220,90;2,9;0,012;S;07/07/2022
3272;13:03:14;1.220,90;2,9;0,146;S;07/07/2022
3271;13:03:09;1.220,90;2,9;0,003;B;07/07/2022
3270;13:03:07;1.220,90;2,9;0,009;B;07/07/2022
3269;13:03:04;1.221;3;0,016;S;07/07/2022
3268;13:03:02;1.220,90;2,9;0,066;B;07/07/2022
3267;13:02:59;1.221,10;3,1;0,091;S;07/07/2022
3266;13:02:54;1.220,90;2,9;0,068;B;07/07/2022
3265;13:02:52;1.221;3;0,242;B;07/07/2022
3264;13:02:45;1.221,10;3,1;0,168;S;07/07/2022
3263;13:02:37;1.221;3;0,179;S;07/07/2022
3262;13:02:34;1.221;3;0,032;S;07/07/2022
3261;13:02:32;1.221;3;0,049;S;07/07/2022
3260;13:02:29;1.221;3;0,021;S;07/07/2022
3259;13:02:26;1.220,90;2,9;0,075;B;07/07/2022
3258;13:02:24;1.221;3;0,035;S;07/07/2022
3257;13:02:21;1.221;3;0,091;B;07/07/2022
3256;13:02:18;1.221;3;0,3;B;07/07/2022
3255;13:02:16;1.221,10;3,1;0,081;B;07/07/2022
3254;13:02:14;1.221,30;3,3;0,066;S;07/07/2022
3253;13:02:12;1.220,90;2,9;0,123;B;07/07/2022
3252;13:02:09;1.221,40;3,4;0,06;S;07/07/2022
3251;13:02:07;1.221;3;0,094;B;07/07/2022
3250;13:02:03;1.221,50;3,5;0,053;S;07/07/2022
3249;13:02:01;1.221,10;3,1;0,291;B;07/07/2022
3248;13:01:58;1.221,80;3,8;0,068;S;07/07/2022
3247;13:01:56;1.221,50;3,5;0,018;S;07/07/2022
3246;13:01:53;1.221,90;3,9;0,132;S;07/07/2022
3245;13:01:51;1.222,60;4,6;0,004;S;07/07/2022
3244;13:01:48;1.222,40;4,4;0,22;B;07/07/2022
3243;13:01:46;1.222,50;4,5;0,173;S;07/07/2022
3242;13:01:43;1.222,50;4,5;0,235;S;07/07/2022
3241;13:01:41;1.222,40;4,4;0,014;B;07/07/2022
3240;13:01:39;1.222,30;4,3;0,026;B;07/07/2022
3239;13:01:36;1.222,40;4,4;0,031;B;07/07/2022
3238;13:01:33;1.222,40;4,4;0,019;B;07/07/2022
3237;13:01:31;1.222,70;4,7;0,022;S;07/07/2022
3236;13:01:28;1.222,30;4,3;0,102;B;07/07/2022
3235;13:01:25;1.222,70;4,7;0,003;S;07/07/2022
3234;13:01:23;1.222,60;4,6;0,021;B;07/07/2022
3233;13:01:20;1.222,80;4,8;0,002;S;07/07/2022
3232;13:01:17;1.222,70;4,7;0,009;B;07/07/2022
3231;13:01:15;1.222,80;4,8;0,044;B;07/07/2022
3230;13:01:10;1.223;5;0,07;S;07/07/2022
3229;13:01:05;1.223,20;5,2;0,037;S;07/07/2022
3228;13:01:03;1.223,20;5,2;0,038;S;07/07/2022
3227;13:01:00;1.223,10;5,1;0,026;B;07/07/2022
3226;13:00:55;1.223,30;5,3;0,079;B;07/07/2022
3225;13:00:50;1.223,20;5,2;0,076;B;07/07/2022
3224;13:00:47;1.223,30;5,3;0,006;B;07/07/2022
3223;13:00:43;1.223,30;5,3;0,009;B;07/07/2022
3222;13:00:38;1.223,50;5,5;0,002;S;07/07/2022
3221;13:00:36;1.223,50;5,5;0,034;S;07/07/2022
3220;13:00:33;1.223,30;5,3;0,007;B;07/07/2022
3219;13:00:31;1.223,20;5,2;0,019;B;07/07/2022
3218;13:00:26;1.223,60;5,6;0,029;S;07/07/2022
3217;13:00:23;1.223,60;5,6;0,047;S;07/07/2022
3216;13:00:21;1.223,70;5,7;0,057;S;07/07/2022
3215;13:00:18;1.223,60;5,6;0,029;B;07/07/2022
3214;13:00:17;1.223,70;5,7;0,065;S;07/07/2022
3213;13:00:17;1.223,60;5,6;0,393;B;07/07/2022
3212;13:00:07;1.223,20;5,2;0,001;S;07/07/2022
3211;11:30:11;1.223,10;5,1;0,005;B;07/07/2022
3210;11:30:09;1.223,10;5,1;0,001;B;07/07/2022
3209;11:30:04;1.223,10;5,1;0,017;B;07/07/2022
3208;11:30:02;1.223,30;5,3;0,016;S;07/07/2022
3207;11:29:58;1.223,10;5,1;0,05;B;07/07/2022
3206;11:29:56;1.223,10;5,1;0,029;B;07/07/2022
3205;11:29:54;1.223,30;5,3;0,097;B;07/07/2022
3204;11:29:51;1.223,10;5,1;0,084;B;07/07/2022
3203;11:29:49;1.223,20;5,2;0,044;B;07/07/2022
3202;11:29:46;1.223,10;5,1;0,029;B;07/07/2022
3201;11:29:44;1.223,20;5,2;0,034;S;07/07/2022
3200;11:29:42;1.223,10;5,1;0,078;B;07/07/2022
3199;11:29:39;1.223,20;5,2;0,053;S;07/07/2022
3198;11:29:37;1.223,10;5,1;0,027;S;07/07/2022
3197;11:29:35;1.223;5;0,059;S;07/07/2022
3196;11:29:32;1.222,90;4,9;0,003;S;07/07/2022
3195;11:29:30;1.222,90;4,9;0,018;S;07/07/2022
3194;11:29:28;1.222,90;4,9;0,006;S;07/07/2022
3193;11:29:25;1.222,90;4,9;0,002;S;07/07/2022
3192;11:29:23;1.222,90;4,9;0,014;B;07/07/2022
3191;11:29:21;1.223;5;0,006;S;07/07/2022
3190;11:29:18;1.222,70;4,7;0,003;S;07/07/2022
3189;11:29:15;1.222,70;4,7;0,065;B;07/07/2022
3188;11:29:12;1.223,10;5,1;0,028;S;07/07/2022
3187;11:29:08;1.222,70;4,7;0,091;B;07/07/2022
3186;11:29:05;1.222,70;4,7;0,082;B;07/07/2022
3185;11:28:59;1.222,70;4,7;0,023;S;07/07/2022
3184;11:28:56;1.222,70;4,7;0,021;S;07/07/2022
3183;11:28:54;1.222,60;4,6;0,015;S;07/07/2022
3182;11:28:49;1.222,60;4,6;0,019;B;07/07/2022
3181;11:28:44;1.222,50;4,5;0,011;S;07/07/2022
3180;11:28:41;1.222,40;4,4;0,015;B;07/07/2022
3179;11:28:39;1.222,50;4,5;0,11;B;07/07/2022
3178;11:28:36;1.222,40;4,4;0,018;S;07/07/2022
3177;11:28:34;1.222,40;4,4;0,011;S;07/07/2022
3176;11:28:30;1.222,40;4,4;0,064;B;07/07/2022
3175;11:28:27;1.222,60;4,6;0,014;S;07/07/2022
3174;11:28:22;1.222,30;4,3;0,005;B;07/07/2022
3173;11:28:20;1.222,40;4,4;0,013;S;07/07/2022
3172;11:28:18;1.222,30;4,3;0,072;B;07/07/2022
3171;11:28:13;1.222,30;4,3;0,001;B;07/07/2022
3170;11:28:11;1.222,40;4,4;0,006;S;07/07/2022
3169;11:28:07;1.222,30;4,3;0,024;B;07/07/2022
3168;11:28:03;1.222,30;4,3;0,014;B;07/07/2022
3167;11:28:01;1.222,40;4,4;0,014;S;07/07/2022
3166;11:27:58;1.222,30;4,3;0,008;B;07/07/2022
3165;11:27:56;1.222,30;4,3;0,006;B;07/07/2022
3164;11:27:54;1.222,30;4,3;0,008;B;07/07/2022
3163;11:27:51;1.222,30;4,3;0,011;B;07/07/2022
3162;11:27:49;1.222,30;4,3;0,112;S;07/07/2022
3161;11:27:47;1.222,10;4,1;0,066;B;07/07/2022
3160;11:27:44;1.222,30;4,3;0,082;S;07/07/2022
3159;11:27:42;1.222,20;4,2;0,014;B;07/07/2022
3158;11:27:40;1.222,10;4,1;0,02;B;07/07/2022
3157;11:27:37;1.222,10;4,1;0,022;B;07/07/2022
3156;11:27:34;1.222,10;4,1;0,091;B;07/07/2022
3155;11:27:32;1.222,40;4,4;0,028;S;07/07/2022
3154;11:27:30;1.222,20;4,2;0,005;B;07/07/2022
3153;11:27:28;1.222,30;4,3;0,032;S;07/07/2022
3152;11:27:25;1.222,30;4,3;0,024;B;07/07/2022
3151;11:27:23;1.222,20;4,2;0,088;B;07/07/2022
3150;11:27:21;1.222,40;4,4;0,01;B;07/07/2022
3149;11:27:17;1.222,40;4,4;0,016;B;07/07/2022
3148;11:27:12;1.222,30;4,3;0,01;B;07/07/2022
3147;11:27:09;1.222,40;4,4;0,021;S;07/07/2022
3146;11:27:04;1.222,30;4,3;0,016;S;07/07/2022
3145;11:27:02;1.222,40;4,4;0,016;S;07/07/2022
3144;11:27:00;1.222,20;4,2;0,005;B;07/07/2022
3143;11:26:56;1.222,30;4,3;0,023;B;07/07/2022
3142;11:26:52;1.222,30;4,3;0,036;B;07/07/2022
3141;11:26:50;1.222,30;4,3;0,004;B;07/07/2022
3140;11:26:48;1.222,40;4,4;0,01;B;07/07/2022
3139;11:26:45;1.222,40;4,4;0,038;B;07/07/2022
3138;11:26:43;1.222,20;4,2;0,033;B;07/07/2022
3137;11:26:38;1.222,30;4,3;0,027;B;07/07/2022
3136;11:26:34;1.222,20;4,2;0,02;B;07/07/2022
3135;11:26:32;1.222,40;4,4;0,047;S;07/07/2022
3134;11:26:27;1.222,30;4,3;0,054;B;07/07/2022
3133;11:26:22;1.222,50;4,5;0,032;S;07/07/2022
3132;11:26:19;1.222,40;4,4;0,156;B;07/07/2022
3131;11:26:14;1.222,60;4,6;0,037;S;07/07/2022
3130;11:26:12;1.222,50;4,5;0,008;B;07/07/2022
3129;11:26:10;1.222,60;4,6;0,004;S;07/07/2022
3128;11:26:08;1.222,60;4,6;0,033;S;07/07/2022
3127;11:26:06;1.222,50;4,5;0,001;S;07/07/2022
3126;11:26:03;1.222,40;4,4;0,022;B;07/07/2022
3125;11:26:01;1.222,40;4,4;0,009;B;07/07/2022
3124;11:25:59;1.222,40;4,4;0,004;B;07/07/2022
3123;11:25:57;1.222,40;4,4;0,033;B;07/07/2022
3122;11:25:54;1.222,50;4,5;0,02;S;07/07/2022
3121;11:25:51;1.222,50;4,5;0,008;S;07/07/2022
3120;11:25:48;1.222,50;4,5;0,018;S;07/07/2022
3119;11:25:46;1.222,40;4,4;0,024;B;07/07/2022
3118;11:25:44;1.222,40;4,4;0,018;B;07/07/2022
3117;11:25:42;1.222,50;4,5;0,02;B;07/07/2022
3116;11:25:39;1.222,60;4,6;0,019;S;07/07/2022
3115;11:25:37;1.222,40;4,4;0,006;B;07/07/2022
3114;11:25:35;1.222,80;4,8;0,008;S;07/07/2022
3113;11:25:32;1.222,80;4,8;0,183;S;07/07/2022
3112;11:25:30;1.222,40;4,4;0,072;S;07/07/2022
3111;11:25:28;1.222,10;4,1;0,015;B;07/07/2022
3110;11:25:26;1.222,20;4,2;0,055;S;07/07/2022
3109;11:25:24;1.222,20;4,2;0,027;S;07/07/2022
3108;11:25:21;1.222,20;4,2;0,017;S;07/07/2022
3107;11:25:19;1.222;4;0,018;B;07/07/2022
3106;11:25:17;1.222,20;4,2;0,132;S;07/07/2022
3105;11:25:13;1.222;4;0,026;S;07/07/2022
3104;11:25:11;1.222;4;0,002;B;07/07/2022
3103;11:25:09;1.222,20;4,2;0,053;S;07/07/2022
3102;11:25:06;1.222;4;0,051;B;07/07/2022
3101;11:25:04;1.221,80;3,8;0,088;B;07/07/2022
3100;11:25:01;1.222,20;4,2;0,132;S;07/07/2022
3099;11:24:59;1.221,90;3,9;0,035;B;07/07/2022
3098;11:24:57;1.222;4;0,049;S;07/07/2022
3097;11:24:54;1.222;4;0,085;B;07/07/2022
3096;11:24:52;1.222;4;0,06;B;07/07/2022
3095;11:24:50;1.222;4;0,332;B;07/07/2022
3094;11:24:43;1.222,20;4,2;0,182;B;07/07/2022
3093;11:24:36;1.222,50;4,5;0,224;B;07/07/2022
3092;11:24:31;1.222,80;4,8;0,036;B;07/07/2022
3091;11:24:27;1.222,80;4,8;0,043;B;07/07/2022
3090;11:24:23;1.223;5;0,157;B;07/07/2022
3089;11:24:18;1.223,20;5,2;0,058;B;07/07/2022
3088;11:24:14;1.223,30;5,3;0,032;S;07/07/2022
3087;11:24:12;1.223,20;5,2;0,061;S;07/07/2022
3086;11:24:09;1.223,20;5,2;0,002;B;07/07/2022
3085;11:24:07;1.223,20;5,2;0,005;B;07/07/2022
3084;11:24:00;1.223,40;5,4;0,033;S;07/07/2022
3083;11:23:57;1.223,30;5,3;0,014;B;07/07/2022
3082;11:23:55;1.223,40;5,4;0,015;S;07/07/2022
3081;11:23:53;1.223,40;5,4;0,014;S;07/07/2022
3080;11:23:51;1.223,60;5,6;0,03;S;07/07/2022
3079;11:23:49;1.223,50;5,5;0,01;S;07/07/2022
3078;11:23:46;1.223,40;5,4;0,03;B;07/07/2022
3077;11:23:42;1.223,60;5,6;0,034;S;07/07/2022
3076;11:23:39;1.223,50;5,5;0,033;S;07/07/2022
3075;11:23:37;1.223,50;5,5;0,088;S;07/07/2022
3074;11:23:35;1.223,50;5,5;0,012;B;07/07/2022
3073;11:23:33;1.223,60;5,6;0,052;S;07/07/2022
3072;11:23:31;1.223,40;5,4;0,016;B;07/07/2022
3071;11:23:29;1.223,20;5,2;0,064;B;07/07/2022
3070;11:23:25;1.223,20;5,2;0,005;B;07/07/2022
3069;11:23:23;1.223,20;5,2;0,007;B;07/07/2022
3068;11:23:21;1.223,30;5,3;0,014;S;07/07/2022
3067;11:23:18;1.223,20;5,2;0,028;B;07/07/2022
3066;11:23:16;1.223,20;5,2;0,002;B;07/07/2022
3065;11:23:14;1.223,10;5,1;0,121;B;07/07/2022
3064;11:23:12;1.223,30;5,3;0,002;S;07/07/2022
3063;11:23:10;1.223,20;5,2;0,055;B;07/07/2022
3062;11:23:07;1.223;5;0,032;B;07/07/2022
3061;11:23:05;1.223,10;5,1;0,013;B;07/07/2022
3060;11:23:03;1.223,10;5,1;0,005;B;07/07/2022
3059;11:22:59;1.223,30;5,3;0,019;B;07/07/2022
3058;11:22:54;1.223;5;0,056;B;07/07/2022
3057;11:22:51;1.223,10;5,1;0,022;B;07/07/2022
3056;11:22:46;1.223;5;0,065;S;07/07/2022
3055;11:22:42;1.223;5;0,1;S;07/07/2022
3054;11:22:37;1.223;5;0,11;S;07/07/2022
3053;11:22:32;1.222,80;4,8;0,036;B;07/07/2022
3052;11:22:28;1.222,80;4,8;0,027;B;07/07/2022
3051;11:22:26;1.222,80;4,8;0,016;B;07/07/2022
3050;11:22:23;1.222,80;4,8;0,023;B;07/07/2022
3049;11:22:21;1.223;5;0,025;S;07/07/2022
3048;11:22:15;1.222,80;4,8;0,012;B;07/07/2022
3047;11:22:13;1.223;5;0,041;S;07/07/2022
3046;11:22:09;1.223;5;0,004;S;07/07/2022
3045;11:22:07;1.222,80;4,8;0,025;B;07/07/2022
3044;11:22:05;1.223,10;5,1;0,038;B;07/07/2022
3043;11:22:02;1.223,10;5,1;0,055;S;07/07/2022
3042;11:22:00;1.223;5;0,004;B;07/07/2022
3041;11:21:58;1.223,10;5,1;0,006;B;07/07/2022
3040;11:21:56;1.223,10;5,1;0,021;B;07/07/2022
3039;11:21:54;1.223,40;5,4;0,007;B;07/07/2022
3038;11:21:52;1.223,30;5,3;0,007;S;07/07/2022
3037;11:21:50;1.223,10;5,1;0,018;B;07/07/2022
3036;11:21:47;1.223,40;5,4;0,017;B;07/07/2022
3035;11:21:45;1.223,40;5,4;0,067;B;07/07/2022
3034;11:21:43;1.223,50;5,5;0,007;S;07/07/2022
3033;11:21:41;1.223,60;5,6;0,037;S;07/07/2022
3032;11:21:38;1.223,50;5,5;0,002;B;07/07/2022
3031;11:21:35;1.223,50;5,5;0,034;B;07/07/2022
3030;11:21:33;1.223,50;5,5;0,037;B;07/07/2022
3029;11:21:31;1.223,50;5,5;0,001;B;07/07/2022
3028;11:21:29;1.223,40;5,4;0,016;B;07/07/2022
3027;11:21:27;1.223,40;5,4;0,022;B;07/07/2022
3026;11:21:25;1.223,50;5,5;0,003;S;07/07/2022
3025;11:21:22;1.223,40;5,4;0,017;B;07/07/2022
3024;11:21:20;1.223,40;5,4;0,145;B;07/07/2022
3023;11:21:13;1.223,40;5,4;0,041;B;07/07/2022
3022;11:21:09;1.223,80;5,8;0,073;B;07/07/2022
3021;11:21:03;1.223,90;5,9;0,029;B;07/07/2022
3020;11:20:59;1.224;6;0,05;S;07/07/2022
3019;11:20:57;1.223,90;5,9;0,092;S;07/07/2022
3018;11:20:55;1.223,90;5,9;0,001;B;07/07/2022
3017;11:20:53;1.223,80;5,8;0,052;B;07/07/2022
3016;11:20:51;1.223,70;5,7;0,034;B;07/07/2022
3015;11:20:46;1.223,80;5,8;0,11;S;07/07/2022
3014;11:20:42;1.223,70;5,7;0,008;B;07/07/2022
3013;11:20:37;1.223,70;5,7;0,048;S;07/07/2022
3012;11:20:35;1.223,40;5,4;0,007;S;07/07/2022
3011;11:20:31;1.223,30;5,3;0,02;S;07/07/2022
3010;11:20:28;1.223,20;5,2;0,005;B;07/07/2022
3009;11:20:23;1.223,30;5,3;0,013;S;07/07/2022
3008;11:20:21;1.223,20;5,2;0,008;S;07/07/2022
3007;11:20:18;1.223,30;5,3;0,02;B;07/07/2022
3006;11:20:14;1.223,30;5,3;0,024;B;07/07/2022
3005;11:20:09;1.223,30;5,3;0,009;B;07/07/2022
3004;11:20:07;1.223,30;5,3;0,01;B;07/07/2022
3003;11:20:05;1.223,30;5,3;0,006;B;07/07/2022
3002;11:20:02;1.223,60;5,6;0,004;B;07/07/2022
3001;11:20:00;1.223,70;5,7;0,001;S;07/07/2022
3000;11:19:58;1.223;5;0,019;B;07/07/2022
2999;11:19:55;1.223,10;5,1;0,027;B;07/07/2022
2998;11:19:53;1.223,90;5,9;0,031;B;07/07/2022
2997;11:19:51;1.224;6;0,044;S;07/07/2022
2996;11:19:49;1.223,10;5,1;0,074;B;07/07/2022
2995;11:19:47;1.223;5;0,03;S;07/07/2022
2994;11:19:44;1.223;5;0,053;S;07/07/2022
2993;11:19:37;1.222,80;4,8;0,045;S;07/07/2022
2992;11:19:35;1.222,70;4,7;0,022;B;07/07/2022
2991;11:19:33;1.222,70;4,7;0,016;B;07/07/2022
2990;11:19:31;1.222,80;4,8;0,001;S;07/07/2022
2989;11:19:28;1.222,80;4,8;0,057;B;07/07/2022
2988;11:19:26;1.222,80;4,8;0,065;B;07/07/2022
2987;11:19:24;1.222,90;4,9;0,063;B;07/07/2022
2986;11:19:18;1.223;5;0,069;B;07/07/2022
2985;11:19:14;1.223;5;0,075;B;07/07/2022
2984;11:19:09;1.223,50;5,5;0,038;S;07/07/2022
2983;11:19:05;1.223,60;5,6;0,102;B;07/07/2022
2982;11:19:01;1.223,50;5,5;0,02;B;07/07/2022
2981;11:18:59;1.223,50;5,5;0,024;B;07/07/2022
2980;11:18:54;1.223,70;5,7;0,008;B;07/07/2022
2979;11:18:52;1.223,80;5,8;0,002;S;07/07/2022
2978;11:18:50;1.223,80;5,8;0,158;B;07/07/2022
2977;11:18:45;1.223,70;5,7;0,042;B;07/07/2022
2976;11:18:42;1.224;6;0,029;B;07/07/2022
2975;11:18:38;1.224;6;0,012;B;07/07/2022
2974;11:18:36;1.224,30;6,3;0,064;S;07/07/2022
2973;11:18:34;1.224,20;6,2;0,199;S;07/07/2022
2972;11:18:29;1.223,90;5,9;0,037;B;07/07/2022
2971;11:18:25;1.223,90;5,9;0,028;S;07/07/2022
2970;11:18:23;1.223,70;5,7;0,017;B;07/07/2022
2969;11:18:21;1.223,60;5,6;0,099;B;07/07/2022
2968;11:18:19;1.223,40;5,4;0,045;S;07/07/2022
2967;11:18:14;1.223,10;5,1;0,041;S;07/07/2022
2966;11:18:09;1.223,10;5,1;0,001;S;07/07/2022
2965;11:18:07;1.223;5;0,137;S;07/07/2022
2964;11:18:04;1.223;5;0,031;S;07/07/2022
2963;11:18:01;1.222,80;4,8;0,014;B;07/07/2022
2962;11:17:59;1.222,80;4,8;0,012;B;07/07/2022
2961;11:17:57;1.223;5;0,032;B;07/07/2022
2960;11:17:55;1.222,80;4,8;0,007;B;07/07/2022
2959;11:17:52;1.223;5;0,011;S;07/07/2022
2958;11:17:50;1.222,80;4,8;0,069;B;07/07/2022
2957;11:17:48;1.223,10;5,1;0,02;B;07/07/2022
2956;11:17:46;1.223,30;5,3;0,052;S;07/07/2022
2955;11:17:44;1.223,20;5,2;0,015;B;07/07/2022
2954;11:17:42;1.223,10;5,1;0,13;B;07/07/2022
2953;11:17:40;1.223,20;5,2;0,011;B;07/07/2022
2952;11:17:38;1.223,20;5,2;0,007;B;07/07/2022
2951;11:17:36;1.223,20;5,2;0,041;B;07/07/2022
2950;11:17:32;1.223,20;5,2;0,012;S;07/07/2022
2949;11:17:30;1.223,20;5,2;0,063;S;07/07/2022
2948;11:17:28;1.223,20;5,2;0,056;S;07/07/2022
2947;11:17:26;1.223,20;5,2;0,015;B;07/07/2022
2946;11:17:23;1.223,40;5,4;0,181;S;07/07/2022
2945;11:17:21;1.223,20;5,2;0,016;B;07/07/2022
2944;11:17:19;1.223,10;5,1;0,04;B;07/07/2022
2943;11:17:17;1.223,10;5,1;0,007;B;07/07/2022
2942;11:17:14;1.223,20;5,2;0,016;S;07/07/2022
2941;11:17:12;1.223;5;0,086;B;07/07/2022
2940;11:17:09;1.223,90;5,9;0,132;S;07/07/2022
2939;11:17:07;1.223,80;5,8;0,019;S;07/07/2022
2938;11:17:05;1.223,50;5,5;0,074;B;07/07/2022
2937;11:17:02;1.223,90;5,9;0,069;B;07/07/2022
2936;11:16:57;1.223;5;0,146;B;07/07/2022
2935;11:16:52;1.223,30;5,3;0,265;B;07/07/2022
2934;11:16:48;1.224,40;6,4;0,17;S;07/07/2022
2933;11:16:43;1.224,10;6,1;0,093;B;07/07/2022
2932;11:16:38;1.224,40;6,4;0,094;S;07/07/2022
2931;11:16:33;1.224,40;6,4;0,051;S;07/07/2022
2930;11:16:31;1.224,20;6,2;0,059;B;07/07/2022
2929;11:16:28;1.224,50;6,5;0,072;S;07/07/2022
2928;11:16:22;1.224,20;6,2;0,108;B;07/07/2022
2927;11:16:18;1.224,50;6,5;0,112;S;07/07/2022
2926;11:16:14;1.224,40;6,4;0,098;S;07/07/2022
2925;11:16:09;1.224,50;6,5;0,037;S;07/07/2022
2924;11:16:07;1.224,30;6,3;0,019;B;07/07/2022
2923;11:16:05;1.224,40;6,4;0,074;B;07/07/2022
2922;11:16:02;1.224,40;6,4;0,032;S;07/07/2022
2921;11:16:00;1.224,30;6,3;0,066;B;07/07/2022
2920;11:15:57;1.224,40;6,4;0,039;B;07/07/2022
2919;11:15:55;1.224,40;6,4;0,029;B;07/07/2022
2918;11:15:53;1.224,20;6,2;0,006;B;07/07/2022
2917;11:15:51;1.224,40;6,4;0,14;B;07/07/2022
2916;11:15:47;1.224,40;6,4;0,056;B;07/07/2022
2915;11:15:45;1.224,20;6,2;0,095;B;07/07/2022
2914;11:15:43;1.224,20;6,2;0,172;B;07/07/2022
2913;11:15:41;1.224,10;6,1;0,036;B;07/07/2022
2912;11:15:39;1.224,20;6,2;0,05;S;07/07/2022
2911;11:15:37;1.224,20;6,2;0,116;S;07/07/2022
2910;11:15:34;1.224,10;6,1;0,113;S;07/07/2022
2909;11:15:32;1.224;6;0,042;S;07/07/2022
2908;11:15:30;1.224;6;0,149;S;07/07/2022
2907;11:15:28;1.223,90;5,9;0,054;S;07/07/2022
2906;11:15:26;1.223,90;5,9;0,004;S;07/07/2022
2905;11:15:24;1.223,60;5,6;0,018;B;07/07/2022
2904;11:15:21;1.223,80;5,8;0,011;S;07/07/2022
2903;11:15:18;1.223,60;5,6;0,022;B;07/07/2022
2902;11:15:16;1.223,50;5,5;0,062;B;07/07/2022
2901;11:15:11;1.223,60;5,6;0,022;S;07/07/2022
2900;11:15:07;1.223,60;5,6;0,084;S;07/07/2022
2899;11:15:03;1.223,60;5,6;0,048;S;07/07/2022
2898;11:15:00;1.223,60;5,6;0,004;S;07/07/2022
2897;11:14:56;1.223,50;5,5;0,011;B;07/07/2022
2896;11:14:53;1.223,50;5,5;0,006;B;07/07/2022
2895;11:14:51;1.223,70;5,7;0,007;B;07/07/2022
2894;11:14:46;1.223,50;5,5;0,045;B;07/07/2022
2893;11:14:42;1.223,50;5,5;0,032;B;07/07/2022
2892;11:14:39;1.223,70;5,7;0,025;S;07/07/2022
2891;11:14:36;1.223,30;5,3;0,043;B;07/07/2022
2890;11:14:34;1.223,50;5,5;0,026;S;07/07/2022
2889;11:14:29;1.223,30;5,3;0,018;B;07/07/2022
2888;11:14:27;1.223,50;5,5;0,093;B;07/07/2022
2887;11:14:22;1.223,50;5,5;0,024;B;07/07/2022
2886;11:14:18;1.223,80;5,8;0,073;S;07/07/2022
2885;11:14:13;1.223,30;5,3;0,004;B;07/07/2022
2884;11:14:11;1.223,50;5,5;0,052;S;07/07/2022
2883;11:14:09;1.223,30;5,3;0,004;B;07/07/2022
2882;11:14:07;1.223,30;5,3;0,017;B;07/07/2022
2881;11:14:03;1.223,30;5,3;0,002;S;07/07/2022
2880;11:14:01;1.223,50;5,5;0,038;S;07/07/2022
2879;11:13:59;1.223,30;5,3;0,032;S;07/07/2022
2878;11:13:57;1.223,30;5,3;0,038;S;07/07/2022
2877;11:13:54;1.223,40;5,4;0,038;S;07/07/2022
2876;11:13:52;1.223,40;5,4;0,018;B;07/07/2022
2875;11:13:50;1.223,20;5,2;0,001;B;07/07/2022
2874;11:13:48;1.223,20;5,2;0,005;B;07/07/2022
2873;11:13:46;1.223,40;5,4;0,012;S;07/07/2022
2872;11:13:44;1.223,30;5,3;0,025;B;07/07/2022
2871;11:13:41;1.223,10;5,1;0,014;B;07/07/2022
2870;11:13:39;1.223;5;0,041;B;07/07/2022
2869;11:13:37;1.223,30;5,3;0,001;S;07/07/2022
2868;11:13:35;1.223,60;5,6;0,003;S;07/07/2022
2867;11:13:33;1.223;5;0,106;B;07/07/2022
2866;11:13:30;1.223,30;5,3;0,058;B;07/07/2022
2865;11:13:27;1.223;5;0,046;B;07/07/2022
2864;11:13:23;1.223,10;5,1;0,132;S;07/07/2022
2863;11:13:21;1.223;5;0,021;S;07/07/2022
2862;11:13:16;1.222,90;4,9;0,045;B;07/07/2022
2861;11:13:14;1.223;5;0,039;S;07/07/2022
2860;11:13:09;1.222,90;4,9;0,001;S;07/07/2022
2859;11:13:07;1.222,80;4,8;0,024;S;07/07/2022
2858;11:13:05;1.223;5;0,025;S;07/07/2022
2857;11:13:03;1.223;5;0,128;B;07/07/2022
2856;11:12:59;1.223,20;5,2;0,129;S;07/07/2022
2855;11:12:53;1.223,20;5,2;0,012;B;07/07/2022
2854;11:12:49;1.223,10;5,1;0,022;B;07/07/2022
2853;11:12:47;1.223,20;5,2;0,029;B;07/07/2022
2852;11:12:43;1.223,20;5,2;0,044;B;07/07/2022
2851;11:12:38;1.223,60;5,6;0,019;B;07/07/2022
2850;11:12:36;1.223,40;5,4;0,029;B;07/07/2022
2849;11:12:34;1.223,50;5,5;0,067;S;07/07/2022
2848;11:12:32;1.223,60;5,6;0,063;S;07/07/2022
2847;11:12:28;1.223,50;5,5;0,028;B;07/07/2022
2846;11:12:24;1.223,60;5,6;0,039;B;07/07/2022
2845;11:12:20;1.223,50;5,5;0,04;B;07/07/2022
2844;11:12:14;1.223,60;5,6;0,022;B;07/07/2022
2843;11:12:10;1.223,80;5,8;0,078;S;07/07/2022
2842;11:12:08;1.223,80;5,8;0,018;S;07/07/2022
2841;11:12:04;1.223,80;5,8;0,005;S;07/07/2022
2840;11:12:02;1.224;6;0,031;S;07/07/2022
2839;11:12:00;1.223,70;5,7;0,028;B;07/07/2022
2838;11:11:58;1.224,10;6,1;0,07;S;07/07/2022
2837;11:11:56;1.224;6;0,008;B;07/07/2022
2836;11:11:53;1.224;6;0,374;S;07/07/2022
2835;11:11:51;1.223,10;5,1;0,014;B;07/07/2022
2834;11:11:49;1.223,10;5,1;0,031;B;07/07/2022
2833;11:11:47;1.223,20;5,2;0,032;B;07/07/2022
2832;11:11:45;1.223;5;0,071;B;07/07/2022
2831;11:11:43;1.223;5;0,067;B;07/07/2022
2830;11:11:40;1.223,10;5,1;0,024;B;07/07/2022
2829;11:11:38;1.223,20;5,2;0,084;S;07/07/2022
2828;11:11:36;1.223;5;0,136;B;07/07/2022
2827;11:11:34;1.223;5;0,002;B;07/07/2022
2826;11:11:31;1.223;5;0,14;B;07/07/2022
2825;11:11:29;1.222,50;4,5;0,074;B;07/07/2022
2824;11:11:27;1.222,50;4,5;0,086;B;07/07/2022
2823;11:11:25;1.222,80;4,8;0,063;S;07/07/2022
2822;11:11:22;1.222,20;4,2;0,136;B;07/07/2022
2821;11:11:20;1.222,50;4,5;0,128;B;07/07/2022
2820;11:11:18;1.223;5;0,247;B;07/07/2022
2819;11:11:16;1.223,10;5,1;0,061;B;07/07/2022
2818;11:11:13;1.223,20;5,2;0,014;B;07/07/2022
2817;11:11:11;1.223,20;5,2;0,038;B;07/07/2022
2816;11:11:08;1.223,30;5,3;0,095;S;07/07/2022
2815;11:11:07;1.223,30;5,3;0,01;B;07/07/2022
2814;11:11:03;1.223,60;5,6;0,047;S;07/07/2022
2813;11:11:01;1.223,60;5,6;0,016;B;07/07/2022
2812;11:10:59;1.223,60;5,6;0,048;B;07/07/2022
2811;11:10:57;1.223,60;5,6;0,09;B;07/07/2022
2810;11:10:55;1.223,90;5,9;0,014;S;07/07/2022
2809;11:10:53;1.223,60;5,6;0,023;S;07/07/2022
2808;11:10:51;1.223,60;5,6;0,026;B;07/07/2022
2807;11:10:49;1.223,90;5,9;0,003;S;07/07/2022
2806;11:10:47;1.223,60;5,6;0,122;B;07/07/2022
2805;11:10:45;1.224;6;0,017;B;07/07/2022
2804;11:10:43;1.224;6;0,023;B;07/07/2022
2803;11:10:40;1.224;6;0,247;B;07/07/2022
2802;11:10:38;1.224,50;6,5;0,273;S;07/07/2022
2801;11:10:34;1.224,30;6,3;0,172;S;07/07/2022
2800;11:10:26;1.224,50;6,5;0,459;S;07/07/2022
2799;11:10:20;1.224,20;6,2;0,019;B;07/07/2022
2798;11:10:18;1.224,20;6,2;0,019;B;07/07/2022
2797;11:10:16;1.224;6;0,305;B;07/07/2022
2796;11:10:14;1.224;6;0,905;B;07/07/2022
2795;11:10:08;1.224;6;0,328;B;07/07/2022
2794;11:10:06;1.224;6;0,237;S;07/07/2022
2793;11:10:04;1.223,80;5,8;0,102;S;07/07/2022
2792;11:10:02;1.223,50;5,5;0,186;S;07/07/2022
2791;11:09:59;1.223,30;5,3;0,166;B;07/07/2022
2790;11:09:57;1.223,30;5,3;0,163;B;07/07/2022
2789;11:09:53;1.223,30;5,3;0,015;B;07/07/2022
2788;11:09:50;1.223,40;5,4;0,108;S;07/07/2022
2787;11:09:49;1.223,40;5,4;0,045;S;07/07/2022
2786;11:09:47;1.223;5;0,06;S;07/07/2022
2785;11:09:45;1.222,80;4,8;0,006;B;07/07/2022
2784;11:09:43;1.222,70;4,7;0,018;B;07/07/2022
2783;11:09:41;1.222,70;4,7;0,08;S;07/07/2022
2782;11:09:39;1.222,70;4,7;0,076;S;07/07/2022
2781;11:09:37;1.222,70;4,7;0,012;S;07/07/2022
2780;11:09:35;1.222,50;4,5;0,011;B;07/07/2022
2779;11:09:33;1.222,70;4,7;0,065;S;07/07/2022
2778;11:09:31;1.222,90;4,9;0,012;S;07/07/2022
2777;11:09:29;1.222,50;4,5;0,037;B;07/07/2022
2776;11:09:27;1.222,70;4,7;0,014;S;07/07/2022
2775;11:09:25;1.222,50;4,5;0,005;B;07/07/2022
2774;11:09:23;1.222,70;4,7;0,003;S;07/07/2022
2773;11:09:21;1.222,50;4,5;0,018;B;07/07/2022
2772;11:09:18;1.222,40;4,4;0,004;S;07/07/2022
2771;11:09:16;1.222,50;4,5;0,064;B;07/07/2022
2770;11:09:14;1.222,50;4,5;0,144;S;07/07/2022
2769;11:09:08;1.222,20;4,2;0,058;B;07/07/2022
2768;11:09:05;1.222,70;4,7;0,013;S;07/07/2022
2767;11:09:03;1.222,20;4,2;0,041;B;07/07/2022
2766;11:09:01;1.222;4;0,053;B;07/07/2022
2765;11:08:57;1.222,30;4,3;0,07;S;07/07/2022
2764;11:08:52;1.222,20;4,2;0,057;B;07/07/2022
2763;11:08:46;1.222,30;4,3;0,125;S;07/07/2022
2762;11:08:41;1.222,20;4,2;0,104;B;07/07/2022
2761;11:08:37;1.222,20;4,2;0,007;B;07/07/2022
2760;11:08:33;1.222,20;4,2;0,076;B;07/07/2022
2759;11:08:27;1.222,50;4,5;0,015;B;07/07/2022
2758;11:08:25;1.222,50;4,5;0,042;S;07/07/2022
2757;11:08:23;1.222,50;4,5;0,076;S;07/07/2022
2756;11:08:21;1.222,70;4,7;0,036;S;07/07/2022
2755;11:08:19;1.222,50;4,5;0,051;S;07/07/2022
2754;11:08:17;1.222,50;4,5;0,016;S;07/07/2022
2753;11:08:15;1.222,50;4,5;0,431;S;07/07/2022
2752;11:08:13;1.222,70;4,7;0,119;S;07/07/2022
2751;11:08:07;1.222,50;4,5;0,062;B;07/07/2022
2750;11:08:05;1.222,70;4,7;0,043;S;07/07/2022
2749;11:08:03;1.222,70;4,7;0,125;S;07/07/2022
2748;11:08:01;1.222,60;4,6;0,074;B;07/07/2022
2747;11:07:59;1.222,70;4,7;0,137;B;07/07/2022
2746;11:07:57;1.222,90;4,9;0,204;S;07/07/2022
2745;11:07:53;1.222,90;4,9;0,004;S;07/07/2022
2744;11:07:51;1.222,70;4,7;0,176;B;07/07/2022
2743;11:07:49;1.222,70;4,7;0,194;S;07/07/2022
2742;11:07:47;1.222,90;4,9;0,316;B;07/07/2022
2741;11:07:44;1.222,70;4,7;0,121;B;07/07/2022
2740;11:07:42;1.223;5;0,075;S;07/07/2022
2739;11:07:40;1.222,60;4,6;0,256;B;07/07/2022
2738;11:07:38;1.222,70;4,7;0,393;B;07/07/2022
2737;11:07:36;1.222,30;4,3;0,18;B;07/07/2022
2736;11:07:33;1.222,80;4,8;0,471;S;07/07/2022
2735;11:07:31;1.222,30;4,3;0,101;S;07/07/2022
2734;11:07:29;1.222,20;4,2;0,42;S;07/07/2022
2733;11:07:27;1.221,90;3,9;0,259;S;07/07/2022
2732;11:07:25;1.221,50;3,5;0,032;S;07/07/2022
2731;11:07:23;1.221,50;3,5;0,211;S;07/07/2022
2730;11:07:21;1.221,20;3,2;0,101;B;07/07/2022
2729;11:07:19;1.221,10;3,1;0,01;B;07/07/2022
2728;11:07:16;1.221,10;3,1;0,03;B;07/07/2022
2727;11:07:14;1.221,10;3,1;0,109;B;07/07/2022
2726;11:07:12;1.221,20;3,2;0,006;S;07/07/2022
2725;11:07:10;1.221,10;3,1;0,009;B;07/07/2022
2724;11:07:08;1.221,10;3,1;0,01;B;07/07/2022
2723;11:07:06;1.221,10;3,1;0,001;B;07/07/2022
2722;11:07:02;1.221;3;0,042;B;07/07/2022
2721;11:07:00;1.221,20;3,2;0,06;B;07/07/2022
2720;11:06:57;1.221,40;3,4;0,038;S;07/07/2022
2719;11:06:53;1.221,20;3,2;0,019;B;07/07/2022
2718;11:06:49;1.221,40;3,4;0,065;S;07/07/2022
2717;11:06:47;1.221,40;3,4;0,049;S;07/07/2022
2716;11:06:41;1.221,50;3,5;0,065;S;07/07/2022
2715;11:06:37;1.221,50;3,5;0,084;S;07/07/2022
2714;11:06:33;1.221,40;3,4;0,075;B;07/07/2022
2713;11:06:27;1.221,50;3,5;0,081;S;07/07/2022
2712;11:06:22;1.221,10;3,1;0,093;B;07/07/2022
2711;11:06:20;1.221,40;3,4;0,004;B;07/07/2022
2710;11:06:18;1.221,40;3,4;0,261;S;07/07/2022
2709;11:06:12;1.220,80;2,8;0,109;B;07/07/2022
2708;11:06:08;1.220,80;2,8;0,085;S;07/07/2022
2707;11:06:06;1.220,50;2,5;0,001;B;07/07/2022
2706;11:06:04;1.220,60;2,6;0,01;S;07/07/2022
2705;11:06:00;1.220,60;2,6;0,005;S;07/07/2022
2704;11:05:58;1.220,50;2,5;0,058;B;07/07/2022
2703;11:05:54;1.220,60;2,6;0,001;S;07/07/2022
2702;11:05:52;1.220,60;2,6;0,013;S;07/07/2022
2701;11:05:50;1.220,60;2,6;0,001;S;07/07/2022
2700;11:05:46;1.220,60;2,6;0,002;S;07/07/2022
2699;11:05:43;1.220,50;2,5;0,018;B;07/07/2022
2698;11:05:41;1.220,40;2,4;0,007;S;07/07/2022
2697;11:05:39;1.220,40;2,4;0,001;S;07/07/2022
2696;11:05:36;1.220,40;2,4;0,003;B;07/07/2022
2695;11:05:34;1.220,40;2,4;0,003;B;07/07/2022
2694;11:05:32;1.220,40;2,4;0,003;B;07/07/2022
2693;11:05:30;1.220,40;2,4;0,001;B;07/07/2022
2692;11:05:28;1.220,20;2,2;0,001;B;07/07/2022
2691;11:05:26;1.220,20;2,2;0,011;B;07/07/2022
2690;11:05:24;1.220,40;2,4;0,001;B;07/07/2022
2689;11:05:23;1.220,50;2,5;0,018;S;07/07/2022
2688;11:05:21;1.220,50;2,5;0,001;S;07/07/2022
2687;11:05:19;1.220,50;2,5;0,005;S;07/07/2022
2686;11:05:17;1.220,40;2,4;0,008;B;07/07/2022
2685;11:05:15;1.220,50;2,5;0,015;S;07/07/2022
2684;11:05:13;1.220,50;2,5;0,006;S;07/07/2022
2683;11:05:11;1.220,50;2,5;0,001;S;07/07/2022
2682;11:05:08;1.220,50;2,5;0,031;S;07/07/2022
2681;11:05:06;1.220,60;2,6;0,005;B;07/07/2022
2680;11:05:04;1.220,50;2,5;0,012;B;07/07/2022
2679;11:05:02;1.220,60;2,6;0,004;S;07/07/2022
2678;11:05:00;1.220,60;2,6;0,034;S;07/07/2022
2677;11:04:58;1.220,50;2,5;0,028;B;07/07/2022
2676;11:04:56;1.220,60;2,6;0,049;B;07/07/2022
2675;11:04:52;1.220,60;2,6;0,073;B;07/07/2022
2674;11:04:48;1.220,60;2,6;0,048;B;07/07/2022
2673;11:04:44;1.220,60;2,6;0,019;B;07/07/2022
2672;11:04:39;1.220,60;2,6;0,036;B;07/07/2022
2671;11:04:34;1.220,60;2,6;0,209;S;07/07/2022
2670;11:04:27;1.219,90;1,9;0,023;S;07/07/2022
2669;11:04:23;1.219,70;1,7;0,035;S;07/07/2022
2668;11:04:20;1.219,60;1,6;0,002;B;07/07/2022
2667;11:04:19;1.219,60;1,6;0,023;B;07/07/2022
2666;11:04:17;1.219,60;1,6;0,049;B;07/07/2022
2665;11:04:13;1.219,70;1,7;0,036;B;07/07/2022
2664;11:04:09;1.220;2;0,143;S;07/07/2022
2663;11:04:07;1.220;2;0,012;S;07/07/2022
2662;11:04:04;1.220;2;0,009;S;07/07/2022
2661;11:04:02;1.220;2;0,035;B;07/07/2022
2660;11:04:00;1.220;2;0,008;B;07/07/2022
2659;11:03:58;1.220,50;2,5;0,012;S;07/07/2022
2658;11:03:56;1.220,50;2,5;0,006;B;07/07/2022
2657;11:03:54;1.220,50;2,5;0,001;S;07/07/2022
2656;11:03:52;1.220,50;2,5;0,014;S;07/07/2022
2655;11:03:48;1.220,50;2,5;0,003;B;07/07/2022
2654;11:03:46;1.220,50;2,5;0,005;B;07/07/2022
2653;11:03:44;1.220,50;2,5;0,023;S;07/07/2022
2652;11:03:39;1.220,30;2,3;0,026;S;07/07/2022
2651;11:03:37;1.219,80;1,8;0,086;B;07/07/2022
2650;11:03:31;1.219,80;1,8;0,061;B;07/07/2022
2649;11:03:26;1.220;2;0,144;S;07/07/2022
2648;11:03:22;1.219,60;1,6;0,009;B;07/07/2022
2647;11:03:18;1.219,60;1,6;0,056;B;07/07/2022
2646;11:03:16;1.219,70;1,7;0,031;B;07/07/2022
2645;11:03:15;1.219,80;1,8;0,02;S;07/07/2022
2644;11:03:13;1.219,70;1,7;0,349;S;07/07/2022
2643;11:03:09;1.219,60;1,6;0,072;B;07/07/2022
2642;11:03:03;1.219,80;1,8;0,083;B;07/07/2022
2641;11:03:00;1.220;2;0,037;B;07/07/2022
2640;11:02:59;1.220;2;0,309;B;07/07/2022
2639;11:02:57;1.220;2;0,109;B;07/07/2022
2638;11:02:53;1.220;2;0,116;B;07/07/2022
2637;11:02:46;1.220,10;2,1;0,038;B;07/07/2022
2636;11:02:42;1.220,10;2,1;0,129;B;07/07/2022
2635;11:02:38;1.220,20;2,2;0,072;B;07/07/2022
2634;11:02:35;1.220,30;2,3;0,015;S;07/07/2022
2633;11:02:31;1.220,30;2,3;0,05;B;07/07/2022
2632;11:02:29;1.220,30;2,3;0,016;B;07/07/2022
2631;11:02:23;1.220,40;2,4;0,006;B;07/07/2022
2630;11:02:20;1.220,40;2,4;0,001;B;07/07/2022
2629;11:02:19;1.220,40;2,4;0,053;B;07/07/2022
2628;11:02:14;1.220,40;2,4;0,033;B;07/07/2022
2627;11:02:06;1.220,40;2,4;0,057;B;07/07/2022
2626;11:02:04;1.220,60;2,6;0,028;B;07/07/2022
2625;11:02:02;1.220,40;2,4;0,005;S;07/07/2022
2624;11:02:00;1.220,40;2,4;0,033;S;07/07/2022
2623;11:01:58;1.220,30;2,3;0,022;S;07/07/2022
2622;11:01:56;1.220,30;2,3;0,022;B;07/07/2022
2621;11:01:54;1.220,30;2,3;0,166;B;07/07/2022
2620;11:01:51;1.220,40;2,4;0,023;S;07/07/2022
2619;11:01:48;1.220,40;2,4;0,012;S;07/07/2022
2618;11:01:45;1.220,30;2,3;0,005;B;07/07/2022
2617;11:01:43;1.220,50;2,5;0,057;B;07/07/2022
2616;11:01:36;1.220,30;2,3;0,033;B;07/07/2022
2615;11:01:34;1.220,50;2,5;0,006;B;07/07/2022
2614;11:01:30;1.220,70;2,7;0,014;B;07/07/2022
2613;11:01:28;1.220,80;2,8;0,03;S;07/07/2022
2612;11:01:26;1.221;3;0,023;S;07/07/2022
2611;11:01:24;1.220,70;2,7;0,037;B;07/07/2022
2610;11:01:23;1.221;3;0,125;B;07/07/2022
2609;11:01:19;1.221,10;3,1;0,026;S;07/07/2022
2608;11:01:13;1.221;3;0,005;B;07/07/2022
2607;11:01:10;1.221,20;3,2;0,018;B;07/07/2022
2606;11:01:08;1.221,40;3,4;0,079;S;07/07/2022
2605;11:01:06;1.221;3;0,154;S;07/07/2022
2604;11:01:00;1.220,60;2,6;0,09;B;07/07/2022
2603;11:00:56;1.220,60;2,6;0,073;S;07/07/2022
2602;11:00:53;1.220,50;2,5;0,05;S;07/07/2022
2601;11:00:49;1.220,30;2,3;0,007;B;07/07/2022
2600;11:00:45;1.220,50;2,5;0,004;S;07/07/2022
2599;11:00:41;1.220,30;2,3;0,033;B;07/07/2022
2598;11:00:39;1.220,60;2,6;0,005;B;07/07/2022
2597;11:00:35;1.220,70;2,7;0,005;S;07/07/2022
2596;11:00:33;1.220,50;2,5;0,002;B;07/07/2022
2595;11:00:30;1.220,70;2,7;0,015;S;07/07/2022
2594;11:00:28;1.220,30;2,3;0,003;B;07/07/2022
2593;11:00:26;1.220,30;2,3;0,061;B;07/07/2022
2592;11:00:21;1.220,80;2,8;0,025;S;07/07/2022
2591;11:00:19;1.220,20;2,2;0,096;B;07/07/2022
2590;11:00:14;1.220,30;2,3;0,052;B;07/07/2022
2589;11:00:08;1.220,20;2,2;0,012;B;07/07/2022
2588;11:00:07;1.220,30;2,3;0,012;B;07/07/2022
2587;11:00:05;1.220,30;2,3;0,003;B;07/07/2022
2586;11:00:03;1.220,30;2,3;0,01;S;07/07/2022
2585;11:00:01;1.220,40;2,4;0,018;S;07/07/2022
2584;10:59:59;1.220,40;2,4;0,013;S;07/07/2022
2583;10:59:57;1.220,30;2,3;0,005;B;07/07/2022
2582;10:59:54;1.220,40;2,4;0,002;S;07/07/2022
2581;10:59:52;1.220,40;2,4;0,013;S;07/07/2022
2580;10:59:50;1.220,40;2,4;0,006;S;07/07/2022
2579;10:59:48;1.220,50;2,5;0,111;S;07/07/2022
2578;10:59:44;1.220,50;2,5;0,005;B;07/07/2022
2577;10:59:42;1.220,50;2,5;0,002;B;07/07/2022
2576;10:59:40;1.220,50;2,5;0,003;B;07/07/2022
2575;10:59:39;1.220,50;2,5;0,012;B;07/07/2022
2574;10:59:37;1.220,70;2,7;0,024;S;07/07/2022
2573;10:59:35;1.220,70;2,7;0,006;S;07/07/2022
2572;10:59:33;1.220,30;2,3;0,054;B;07/07/2022
2571;10:59:31;1.220,50;2,5;0,029;B;07/07/2022
2570;10:59:29;1.220,50;2,5;0,032;B;07/07/2022
2569;10:59:27;1.220,50;2,5;0,011;B;07/07/2022
2568;10:59:25;1.220,50;2,5;0,008;S;07/07/2022
2567;10:59:22;1.220,40;2,4;0,014;B;07/07/2022
2566;10:59:20;1.220,50;2,5;0,003;S;07/07/2022
2565;10:59:18;1.220,50;2,5;0,009;B;07/07/2022
2564;10:59:16;1.220,70;2,7;0,086;S;07/07/2022
2563;10:59:14;1.220,50;2,5;0,014;B;07/07/2022
2562;10:59:12;1.221;3;0,066;S;07/07/2022
2561;10:59:10;1.221;3;0,004;S;07/07/2022
2560;10:59:09;1.221;3;0,009;S;07/07/2022
2559;10:59:07;1.221;3;0,195;B;07/07/2022
2558;10:59:03;1.221,20;3,2;0,026;B;07/07/2022
2557;10:58:59;1.221,10;3,1;0,012;B;07/07/2022
2556;10:58:57;1.221,20;3,2;0,025;S;07/07/2022
2555;10:58:55;1.221,30;3,3;0,027;S;07/07/2022
2554;10:58:51;1.221,10;3,1;0,027;B;07/07/2022
2553;10:58:48;1.221,40;3,4;0,008;S;07/07/2022
2552;10:58:46;1.221,40;3,4;0,037;S;07/07/2022
2551;10:58:40;1.221,40;3,4;0,041;S;07/07/2022
2550;10:58:37;1.221,10;3,1;0,053;B;07/07/2022
2549;10:58:33;1.221,10;3,1;0,075;B;07/07/2022
2548;10:58:29;1.221,60;3,6;0,155;S;07/07/2022
2547;10:58:23;1.221,40;3,4;0,054;S;07/07/2022
2546;10:58:19;1.221,10;3,1;0,018;B;07/07/2022
2545;10:58:17;1.221,40;3,4;0,036;S;07/07/2022
2544;10:58:14;1.221,40;3,4;0,041;S;07/07/2022
2543;10:58:13;1.221,50;3,5;0,02;B;07/07/2022
2542;10:58:11;1.221,60;3,6;0,057;S;07/07/2022
2541;10:58:09;1.221,40;3,4;0,043;B;07/07/2022
2540;10:58:07;1.221,60;3,6;0,005;B;07/07/2022
2539;10:58:05;1.221,70;3,7;0,01;S;07/07/2022
2538;10:58:03;1.221,60;3,6;0,051;S;07/07/2022
2537;10:58:01;1.221,90;3,9;0,052;S;07/07/2022
2536;10:57:59;1.221,70;3,7;0,049;S;07/07/2022
2535;10:57:57;1.221,90;3,9;0,083;S;07/07/2022
2534;10:57:55;1.221,90;3,9;0,087;S;07/07/2022
2533;10:57:53;1.221,80;3,8;0,043;S;07/07/2022
2532;10:57:51;1.221,50;3,5;0,064;B;07/07/2022
2531;10:57:47;1.221,40;3,4;0,085;B;07/07/2022
2530;10:57:45;1.221,50;3,5;0,036;S;07/07/2022
2529;10:57:42;1.221,30;3,3;0,096;B;07/07/2022
2528;10:57:41;1.221,30;3,3;0,032;S;07/07/2022
2527;10:57:39;1.221,20;3,2;0,012;B;07/07/2022
2526;10:57:36;1.221,20;3,2;0,08;B;07/07/2022
2525;10:57:34;1.221,10;3,1;0,01;B;07/07/2022
2524;10:57:32;1.221;3;0,056;B;07/07/2022
2523;10:57:30;1.221,20;3,2;0,006;S;07/07/2022
2522;10:57:28;1.221,10;3,1;0,013;S;07/07/2022
2521;10:57:24;1.221;3;0,055;B;07/07/2022
2520;10:57:23;1.221,20;3,2;0,006;B;07/07/2022
2519;10:57:21;1.221,10;3,1;0,014;S;07/07/2022
2518;10:57:19;1.221;3;0,016;S;07/07/2022
2517;10:57:17;1.221;3;0,028;S;07/07/2022
